2318 3894
129 247 201 311 ωυ-
277 206 282 217 ’
323 249 448 308 xxxw.
474 217 888 309 ΔΗωοΣοεΝονΣ

87 491 92 500 Ι
128 407 358 495 νήφεταίποτε,
366 402 402 484 δς
411 403 484 474 ἀντὶ
493 409 658 489 δισχιλίων
668 406 723 473 καὶ
735 405 912 484 ἑξακοσίων
923 410 1083 492 δραχμῶν

128 504 304 586 τριάκοντα
322 512 407 590 μνᾶς
428 504 483 571 καὶ
503 509 691 585 τριακοσίας
710 504 765 571 καὶ
786 503 941 589 ἐξήκοντα
963 501 1082 574 ἀποτί-

32 596 35 603 ’
128 627 200 670 νειυ
220 599 380 688 προείλετ’
406 596 465 685 ἀν,
499 603 554 666 καὶ
574 598 675 668 τόκον
695 608 913 681 πεντακοσίας
933 603 1082 690 δραχμὰς

129 702 184 768 καὶ
206 698 361 785 ἑξήκοντα
382 695 631 782 δανεισάμενος,
652 695 691 775 ἀς
713 718 816 783 φησιν
833 697 1082 769 ἀποδεδωκέναι

130 804 286 883 Φορμίων
296 795 452 880 Λάμπιδι,
464 801 639 882 τρισχιλίας
649 797 843 875 ἐννακοσίας
853 807 994 877 είκοσιυξ
1006 800 1081 880 ἐξόν

130 893 161 963 δ’
180 892 271 981 αὐτῷ
288 892 568 979 ἀμφοτερόπλουν
576 891 754 980 Ἀθήνησιν
771 890 956 964 ἀποδοῦναι
966 895 1003 964 τό
1017 897 1081 981 ἀρ·

128 991 263 1078 γόριον,
286 994 324 1060 ἐν
332 991 495 1080 Βοσπόρῳ
512 989 678 1075 ἀπέδωκε,
700 994 786 1077 τρισὶ
805 994 862 1062 καὶ
883 996 962 1061 δέκα
983 1011 1082 1080 μυαίς

84 1110 120 1164 κθ
130 1093 244 1168 πλέους
261 1092 317 1158 καὶ
326 1087 464 1174 τοῑςριδν
473 1087 514 1157 τά
526 1082 703 1175 ἑτερόπλοα
714 1095 884 1159 δανείσασι
893 1091 987 1177 μόλις
997 1091 1081 1177 τάρ-

129 1203 205 1274 χαῖα
231 1185 460 1273 ἀποδέδωκας,
491 1194 526 1256 οἳ
549 1188 778 1256 συνέπλευσάν
800 1209 853 1257 σοι
872 1191 929 1257 καί
949 1191 1082 1277 προσή-

130 1293 266 1371 δρευον·
288 1287 395 1376 τούτῳ
412 1277 512 1372 δδτῷ
529 1285 572 1373 μὴ
591 1288 731 1372 παρόντι
751 1284 793 1355 οό
812 1288 919 1374 μόνον
940 1288 1082 1374 τάρχαῖα

128 1381 273 1462 καὶ·τοδς
284 1383 404 1462 τόκους
414 1381 606 1470 ἀπεδίδους,
622 1383 706 1453 ἀλλά
716 1387 770 1454 καὶ
781 1385 820 1453 τά
832 1389 974 1473 ἐπιτίμια
991 1387 1032 1454 τά
1043 1390 1080 1456 ἐκ
1091 1400 1139 1455 915

128 1491 186 1568 τῆς
196 1491 391 1568 συγγραφῆς
401 1479 559 1568 ἀπέτινες,
572 1481 727 1570 οὐδεμιᾶς
737 1505 790 1554 σοι
800 1482 947 1570 ἀνάγκης
957 1484 1079 1571 οὕσηςς

84 1600 118 1655 27
128 1581 301 1659 κάκείνους
311 1581 373 1665 μὲν
383 1579 446 1648 οὐκ
458 1586 605 1667 ἐδεδίεις,
627 1578 676 1660 οἷς
693 1587 730 1650 αἱ
744 1586 933 1669 συγγραφαὶ
944 1585 1081 1653 ἐνΒοσ-

129 1679 221 1766 πόρω
245 1677 307 1764 τὴν
330 1684 449 1760 πρᾶξιν
471 1683 625 1747 ἐδίδοσαν
640 1687 702 1746 τοῦ
725 1685 875 1750 δανείου·
897 1682 1020 1750 τούτου
1044 1681 1081 1751 δὲ

130 1777 195 1864 φὴς
215 1775 459 1896 φροντίζειυ,“
439 1802 481 1848 ον
496 1775 567 1856 ίξ’
546 1774 944 1864 αργῆςεόδόςήδίκεις’
906 1805 968 1848 ουκ
979 1781 1079 1849 ἐνδέ-

123 1897 225 1995 μενος
238 1870 282 1939 ’τά
299 1873 426 1958 χρήματ
429 1870 502 1951 ἐίς
486 1873 581 1960 ςτὴν
597 1901 687 1942 ναυν
704 1875 787 1944 κατά
805 1902 867 1964 την
879 1878 1079 2000 συγγραφὴν

123 1969 328 2057 ’Λδάνιγδενς
350 1974 406 2040 καί
421 1999 486 2041 νυν
503 1973 566 2059 μὲν
576 1978 621 2052 είς
632 2000 668 2042 το
658 1972 875 2061 ἐμπόριον“
851 2002 963 2062 νγιιων,
985 1968 1029 2044 οὗ
1039 1977 1077 2044 τὸ

83 2118 87 2131 ,
127 2071 337 2158 συμβόλαιον
348 2075 493 2159 ἐγένετο,
511 2069 579 2140 οὐκ
596 2070 705 2151 όκνείς
720 2070 912 2162 ἀποστερεῖν
933 2071 993 2142 τόν
1016 2080 1078 2142 δα-

125 2178 294 2239 νείσαντα·
315 2173 352 2240 ἐν
361 2171 524 2259 Βοσπόρφ
537 2172 573 2238 δὲ
584 2178 684 2239 πλείω
697 2176 765 2238 τάν
776 2175 913 2239 δικαίων
924 2169 989 2258 φῂς
1000 2197 1078 2240 ποι-

82 2283 189 2364 W,
212 2262 254 2339 οὗ
274 2273 370 2358 δίκην
389 2267 451 2338 οὐκ
470 2275 601 2356 ἔμελλές
620 2269 754 2350 δοόσεινς
775 2273 883 2338 καλοί
901 2271 961 2356 μὲν
983 2269 1079 2340 ἀλλοι

125 2368 244 2448 πάντες
270 2374 306 2437 οί
327 2372 368 2440 τά
395 2371 576 2458 ἑτερόπλοα
602 2377 848 2473 δανειζόμενοι,
882 2370 964 2439 όταν
991 2368 1079 2438 ἀπυ-

125 2471 320 2535 στίλλωυται
338 2472 459 2535 ἐκτῶν
479 2470 662 2555 ἐμπορίων,
684 2467 827 2547 πολλοὺς
848 2476 1076 2554 παρίστανται,
1119 2500 1125 2516 ·

80 2630 83 2637 .
120 2568 423 2653 ἐπιμαρτυρόμενοι
440 2566 491 2636 ὅτι
507 2566 548 2637 τά
557 2569 704 2655 χρήματα
715 2566 777 2655 ἤδη
788 2567 1016 2635 κινδυνεύεται
1029 2578 1077 2656 τῷ

125 2666 327 2732 δανείσαντι·
350 2663 394 2733 σδ
411 2664 440 2734 δ’
455 2669 504 2736 ἐνί
514 2669 650 2754 σκήπτει
659 2668 802 2754 μάρτυρι
812 2665 902 2756 αὐτῷ
912 2675 958 2756 τῷ
970 2689 1076 2734 συνα-
1112 2682 1128 2711 ⁰

124 2765 288 2848 δοκοῦντι,
311 2763 417 2830 καὶ’
382 2765 528 2834 ον’τετδν
540 2763 1076 2853 παῖδατόνὴμέτερονπαρέλαβες
1152 2761 1155 2770 ’

123 2861 160 2927 ἐν
170 2860 364 2951 Βοσπόρω”
344 2889 424 2931 οντα
436 2861 512 2931 οὔτε
522 2863 582 2931 τόν
591 2860 770 2948 κοινωνόν,
790 2861 912 2943 οὐδὲ
877 2890 935 2942 τας
944 2867 1077 2934 ἐπιστο-Ι

123 2955 182 3038 λάς
192 2955 416 3041 άπέδωκας’
374 2975 500 3048 αυτοῖς,
512 2959 550 3041 ἀς
560 2959 651 3048 ἡμεῖς
661 2960 880 3048 ἐπεθήκαμεν,
892 2966 930 3032 ἐν
940 2959 991 3042 αἷς
1004 2964 1075 3076 ἐγέ-

80 3074 115 3129 29
123 3081 248 3142 γραπτο
261 3071 530 3146 παρακολουδειν
539 3080 645 3144 σοι,
627 3053 707 3137 ἷς
686 3086 728 3126 αν
739 3084 898 3149 πραττρς,
911 3066 1074 3144 καίτοι,ω
1090 3060 1093 3067 ’

80 3250 296 3337 γράμματα
313 3252 427 3338 λαβων
442 3282 485 3341 μη
475 3252 717 3323 ἀποδέδωκεν
734 3254 847 3343 ὀρδως
858 3261 913 3324 καὶ
925 3262 1075 3342 δικαίως,

121 3344 143 3433 ἀρ’
159 3371 231 3426 πως
247 3345 289 3416 οὐ
307 3351 457 3434 φανερόν
473 3350 598 3419 ἐστιν’
580 3368 660 3440 υμῖν
675 3353 713 3424 τό
724 3356 846 3427 τούτου
857 3355 1075 3442 κακούργημα

121 3443 209 3526 ἐξ
166 3471 279 3517 αντων
290 3473 339 3517 ων
349 3450 593 3536 ίπραττεν,κα
589 3477 640 3521 τοι
646 3479 755 3542 ωγη
733 3455 815 3523 καὶ
825 3455 899 3525 &soz
906 3456 1077 3543 ,προσῆκέ
