2318 3894
161 249 223 315 126
374 251 457 313 xm
480 245 900 323 ΔΗΜΟΣΘΕΝΟῬΣ

121 427 154 482 16
166 410 358 498 ἐβούλεσθε.
391 404 474 474 ὥστε
486 410 635 488 δικαίως,
654 433 680 474 ω
669 398 826 504 άνδρες’
824 414 1008 493 Αθηναῖοι,
1019 414 1112 492 τηλι-

32 535 39 543 ’
160 535 290 595 καντην
299 511 447 594 ἐχονσων
457 503 566 593 ῥοπην
575 503 654 589 ἐφ
637 530 775 586 εκατερα
784 530 853 572 των
863 530 1020 591 τριήρων,
1032 513 1111 573 τοῦ·

161 634 221 677 τον
231 607 314 691 ὅρον
328 610 498 673 τεθείκατε
509 627 550 690 τη
537 609 685 690 βουλή,
702 599 808 687 πότερ’
823 598 929 688 αὐτην
940 606 1112 689 δείλαβελν

161 705 225 792 τήν
235 699 398 788 δωρεάνή
412 698 464 769 οὔ.
497 707 529 769 εί
544 699 736 786 γάρ’πάντά
750 699 853 768 τάλλα
864 700 1043 786 διοικήσειε
1051 726 1113 769 xa-

163 811 238 884 λαός,
251 800 290 869 δι’
302 793 351 868 τόν
362 800 398 868 δὲ
408 799 448 866 τό
458 798 490 866 τ’
502 803 534 878 ἐξ
545 797 647 884 άρχης
657 797 745 866 ταῦτ’
759 799 971 886 ἐκτησάμεθα
981 802 1038 867 καὶ
1047 805 1112 866 νῦν

164 899 320 986 σώζομεν,
332 898 454 976 ταύτας
465 894 509 983 μή
521 896 704 982 ποιήσαιτο,
721 894 780 976 τάς
789 897 933 982 τριήρεις
943 895 1091 981 λέγετ’
1052 922 1111 963 ον-

164 999 222 1067 δὲν
242 1001 379 1066 ἐκείνων
400 994 535 1087 ὄφελος·
574 993 637 1080 τήν
656 993 722 1081 γάρ
746 1003 814 1063 τῶν
835 993 924 1063 ὅλων
946 1002 1111 1082 σωτηρίαν

163 1093 909 1182 πρωτονὑπάρχεινδελπαρεσκενασμίνηντω
897 1092 1028 1183 δήμῳ.
1051 1120 1111 1162 ον-

162 1220 218 1274 τος
227 1219 264 1261 το
266 1200 343 1261 ίννν
354 1198 399 1272 είς
408 1199 488 1260 τοῦτ
488 1189 650 1276 ’ἐλήλνθε
659 1217 718 1258 του
706 1197 876 1275 νομίζειν
887 1189 980 1258 αὑτω
966 1193 1048 1260 ’καὶ
1058 1195 1111 1261 λε’-

161 1318 234 1379 μειν
251 1294 305 1360 καὶ
321 1291 465 1378 γράφειν
483 1293 601 1369 ἐξειναι
616 1286 716 1356 πᾶνό
729 1314 760 1355 τι
769 1315 813 1355 αν
812 1289 1004 1410 βούληται,
1028 1287 1110 1357 ὥστε

36 1454 40 1461 .
160 1395 419 1477 βεβουλευκυίας
428 1388 490 1474 μὲν
501 1384 634 1456 ταλλα
614 1413 655 1454 ον
664 1387 792 1471 τροπον
803 1384 896 1471 υμείς
906 1412 1046 1455 ακονετε
1055 1414 1110 1473 της

160 1495 294 1575 βονλης,
306 1483 347 1555 οὐ
357 1489 578 1571 πεποιημένης
563 1483 672 1553 δὲ
635 1510 693 1563 τας
702 1485 856 1572 τριήρεις,
871 1487 1021 1633 γέγραφε
1031 1489 1110 1554 δοῦ-

162 1613 217 1654 ναι
227 1584 489 1670 τηιεδωρεαν

121 1701 152 1756 ιι
245 1675 312 1749 Καί
329 1678 539 1766 ταῦταμὲν“
517 1707 560 1758 ως
577 1677 619 1748 οό
630 1680 719 1766 παρά
730 1708 790 1751 τον
799 1708 907 1769 νομον
916 1680 1086 1771 ἐστὶν,
1043 1680 1107 1751 οντ’

162 1777 205 1849 άν
216 1771 314 1857 οὗτος
327 1781 394 1862 ἔχοι
408 1774 599 1863 λέγεινονθ’
612 1776 706 1865 ὑμεῖς
716 1777 894 1868 πεισθείητ’
908 1779 967 1848 άν·
990 1779 1104 1850 ἀκούω

135 1928 138 1933 -
164 1877 196 1947 δ’
210 1876 317 1946 αὐτόν
327 1884 481 1946 τοιοῦτον
490 1881 577 1962 ἐρεῖν
587 1876 716 1947 τινάίν
732 1877 812 1966 ὑμῖν
823 1881 937 1966 λόγον,
962 1876 1108 1967 ὥςοόχή

162 1975 267 2065 βουλή
279 1981 417 2061 γέγονεν
427 1981 514 2044 αίτία
524 1984 586 2044 τοῦ
596 1974 640 2063 μή
652 1987 857 2064 πεποιῆσθαι
867 1977 925 2057 τάς
935 1986 1030 2064 ναῦς,
1042 1975 1107 2047 ἀλλ’

164 2074 492 2162 ὁτάντριηροποιών
502 2082 617 2162 ταμίας
633 2074 781 2163 άποδράς
798 2076 899 2165 ᾤχετο
917 2081 1002 2162 ἔχων
1012 2074 1107 2145 πένθ’

162 2173 374 2261 ἡμιτάλαντα,
386 2177 440 2243 καλ
451 2172 488 2242 τδ
500 2183 634 2262 πράημα
646 2172 795 2260 άτόχημα
807 2175 1026 2262 συμβέβηκεν.
1045 2172 1106 2260 ἐμοὶ

164 2274 199 2342 δὲ
210 2275 414 2360 πρῶτονμὲν
424 2272 505 2342 αότδ
516 2281 614 2344 τοῦτο
626 2273 797 2360 θαυμάζω,
815 2278 845 2341 εἰ
854 2273 1108 2359 στεφανοῦνῖίπὶ

162 2388 231 2452 τοις
246 2369 461 2459 ήτνχημίνοις
476 2370 572 2459 ήξίου
588 2371 651 2458 τήν
665 2372 807 2458 βουλήν·
839 2379 907 2439 τῶν
918 2380 1108 2457 κατορθου-

163 2474 274 2558 μένων
289 2469 353 2555 γάρ
372 2477 475 2555 ἔγωγε
495 2469 650 2554 ἡγούμην
667 2475 775 2553 ἔργων
791 2495 849 2548 τας
864 2469 1021 2548 τοιαύτας
1029 2465 1107 2552 δρί-

163 2577 244 2635 σθαι
262 2567 372 2650 τιμάς·
405 2571 515 2633 ἔπειτα
533 2566 569 2633 δὲ
586 2564 720 2634 κάκεῑνο
738 2573 785 2634 ἔτι
801 2568 965 2656 βούλομαι
981 2568 1109 2654 φράσαι

120 2675 154 2729 18
163 2661 245 2747 πρὸς
255 2659 350 2747 ὑμᾶς.
379 2659 422 2730 οὔ
433 2688 518 2748 φημι
529 2668 659 2731 δίκαιον
670 2662 753 2732 εἶναι
766 2669 840 2754 περὶ
850 2665 978 2753 ἀμφοῖν
988 2671 1106 2752 λέγειν,
1114 2672 1151 2730 59!

163 2758 207 2838 άς
218 2758 259 2827 οά
270 2759 361 2846 παρά
372 2760 432 2830 τόν
443 2760 550 2847 νόμον
560 2760 581 2848 ή
593 2765 701 2848 δωρεά
713 2768 842 2833 δέδοται
849 2817 859 2851 ,
876 2769 933 2835 καὶ
944 2763 989 2844 ὡς
999 2763 1044 2832 οὐ
1054 2760 1107 2833 διά

159 2855 223 2944 τήν
232 2857 361 2946 βουλήν
371 2856 433 2927 οὐκ
445 2862 527 2927 εἰσὶν
539 2865 576 2928 αί
590 2863 741 2947 τριήρεις.
775 2870 805 2931 εί
792 2866 880 2948 ίμὲν
894 2854 960 2948 γάρ
978 2862 1106 2931 διδόναι

160 2958 214 3022 καὶ
228 2981 271 3042 μη
262 2955 486 3045 ποιησαμένη
502 2961 677 3046 προσήκει,
700 2968 734 3028 τί
748 2970 846 3029 τοῦτο
860 2969 912 3030 δει
918 2966 1046 3049 λέγειν,
1068 2959 1105 3031 δι’

160 3078 275 3120 οντινα
287 3054 408 3140 δήποτε
419 3081 461 3122 ου
450 3052 683 3142 ’πεποίηνταις
696 3064 726 3125 εί
712 3056 768 3125 ί’δ
781 3085 844 3127 ουκ
855 3065 968 3148 ἔξεστι,
980 3067 1016 3129 τί
1023 3067 1107 3147 μαλ

160 3146 264 3231 λον,
242 3177 285 3216 αν
295 3149 394 3219 διά
360 3179 421 3220 τον
434 3151 560 3222 δελνα’
538 3183 558 3242 η
571 3154 632 3223 τόν
643 3160 735 3223 δεῖνα
752 3159 894 3247 ίπιδείξη
909 3157 955 3278 μή
968 3183 1107 3246 πεποιη

47 3292 51 3301 -
72 3278 82 3335 .'
107 3247 269 3331 ·Ι9μένας,
281 3251 388 3337 ἐκείνη
399 3261 546 3338 προσηκε
557 3261 685 3341 λαβεῖν·
703 3260 847 3341 χωρλςδδ
857 3281 986 3325 τοντων
997 3263 1107 3344 ἔμοιγε

160 3346 365 3411 δοκοῦσιν“
328 3369 456 3431 αιρεσιν
471 3347 553 3436 ὑμῖν
563 3356 598 3418 οἱ
611 3361 755 3421 τοιοῦτον
767 3353 861 3438 λόγοι
873 3354 1022 3441 διδόναι,
1043 3354 1107 3424 τιό-

159 3438 221 3528 τερ’
242 3451 356 3511 οἴεσθε
375 3449 445 3513 δελν
465 3448 649 3533 προφάσεις
665 3453 721 3519 καὶ
738 3448 901 3535 λόγοος’
881 3451 1026 3521 ακοόειν
1037 3477 1107 3521 των
