2318 3894
303 264 441 326 ΠΡΟΣ
468 260 764 323 ΛΕΠΤΙΝΗΝ.
969 261 1009 324 21

61 421 247 513 ἀΦιλίππφ
258 425 319 510 μέν
329 425 419 491 ἐστιν
429 418 569 507 ὐπήκοα,
581 415 662 507 ὑμῖν
673 418 700 488 δ’
711 423 827 509 έχθρά,
838 420 898 490 τόν
910 419 1012 490 αὐτόν

60 522 189 607 τρόπον
206 521 310 607 όνπερ
325 518 346 609 ή
360 519 469 598 Θάσος
484 513 529 605 ήν
543 519 618 586 τότε
634 522 690 587 καὶ
699 520 737 588 τό
748 521 932 602 Βυζάντιον
940 528 1012 588 Λα-

60 624 236 706 κεδαιμονί
235 619 353 704 οιςμὲν
369 624 489 701 οίκεῖα,
510 615 590 704 υμῖν
609 615 641 684 δ
659 616 831 705 ἀλλότρια,
854 619 1013 704 παραδό-

62 816 141 904 ρεάς
159 817 266 904 ἀσπερ
274 814 494 905 Ἐκφάντῳ
463 841 508 882 τω
495 820 632 902 Θασίῳ
649 813 852 904 καῖἈρχεβί
840 840 866 881 ω
886 841 933 903 τφ
920 823 1013 882 Βυ-

21 922 197 1006 62ζαντίφ,
223 921 283 984 καί
299 940 385 993 τινες
404 914 533 982 τούτων
554 910 757 998 ἀντιλέγοιεν
778 911 888 992 αὐτοῖς
908 921 1013 981 ταῦτα

61 1018 230 1101 λέγοντες,
255 1010 299 1092 ὡς
315 1009 426 1081 δεινόν
444 1017 477 1080 εί
488 1037 575 1091 τινες
591 1011 690 1097 μόνοι
702 1020 770 1090 τοῖν
779 1010 891 1082 ἀλλων
901 1019 1012 1104 μετοί-
1040 1072 1043 1080 .

60 1139 131 1181 κων
142 1109 187 1198 μή
200 1124 381 1197 χορηγοῖεν,
395 1117 464 1189 πῶς
474 1109 548 1178 ποτ’
560 1104 603 1178 ἀν
615 1110 811 1196 έχοιτεπρδς
820 1109 899 1190 τούς
908 1119 1012 1178 ταῦτα

60 1216 234 1296 λέγοντας;
255 1207 276 1295 ή
296 1214 399 1295 δήλον
415 1207 466 1277 ὅτι
482 1207 601 1295 φωνήν
617 1208 680 1277 οὐκ
697 1206 739 1278 ἀν
756 1207 957 1296 ἀνάσχοισθε
969 1207 1014 1288 ἀς

61 1308 382 1392 συκοφαντούντωνς
405 1305 531 1375 οὐκοῦν
547 1305 701 1394 αίσχρόν,
724 1314 754 1375 εί
769 1311 942 1394 μέλλοντες
953 1307 1013 1392 μὲν

61 1399 100 1475 εὐ
112 1406 250 1493 πάσχειν
260 1405 476 1493 συκοφάντην
486 1401 531 1473 ἀν
539 1403 601 1472 τόν
609 1414 711 1473 ταῦτα
718 1407 856 1490 λέγοντα
864 1403 1014 1493 ἡγοῖσθε,

60 1509 113 1575 έπὶ
133 1532 180 1596 τφ
203 1504 236 1574 δ’
260 1503 444 1592 ἀφελέσθαι
466 1504 526 1584 τὰς
544 1513 612 1573 τῶν
635 1507 806 1590 προτέρων
830 1503 1013 1628 εὐεργετῶν

62 1572 302 1689 δωρὲἀςταύτα
313 1601 688 1689 λεγόντωνάκούσεσθε.
721 1607 801 1691 φέρε
819 1602 860 1691 δή
878 1602 1013 1672 κάκεῖνο

25 1702 293 1787 διέξετάσωμεν.
306 1727 324 1769 ο
326 1700 579 1786 προδοντες
544 1729 606 1789 τήν
616 1703 759 1771 Πνδναν
770 1705 825 1772 καὶ
835 1701 937 1772 ταλλα
946 1729 1013 1824 χω-
1022 1715 1073 1770 476

63 1807 159 1888 ρία
126 1826 173 1866 τω
159 1805 338 1866 Φιλίππω
349 1826 394 1889 τω
407 1822 468 1867 ποτ
472 1797 733 1885 ’ἐπαρθέντες
714 1829 800 1888 ήμας
815 1796 1013 1890 ἠδίκουν,
991 1828 1011 1888 ή

62 1906 141 1969 πᾶσι
157 1898 328 1985 πρόδηλον
346 1905 461 1986 τοῦτο,
485 1897 536 1967 ότι
552 1914 621 1979 ταῖς
631 1901 698 1987 παρ
702 1898 792 1968 ’ῖέκε
778 1909 853 1968 ῖνου
865 1905 1011 1986 δωρεαῖς,

63 1994 175 2082 ἀςδιά
195 2007 299 2066 ταῦτα
320 2003 456 2066 ἔσεσθαι·
475 2004 589 2084 σφίσιν
609 1996 770 2085 ήγούντο;
791 1999 932 2082 πότερον
949 1991 1012 2067 οὐν

64 2103 191 2182 μᾶλλον
201 2101 268 2166 ἔδει
279 2116 333 2181 σε,
347 2124 372 2164 ω
361 2090 544 2184 Λεπτίνη,
555 2097 635 2176 τούς
645 2096 805 2185 έχθρούς,
817 2104 848 2166 εί
857 2097 1010 2183 δύνασαι,

65 2210 169 2263 πεῖσαι
186 2191 267 2272 τούς
278 2147 333 2262 έπύ
339 2209 410 2274 τοῖς
417 2194 500 2280 πρὸς
510 2194 596 2281 ἡμας
607 2193 785 2303 ἀδικήμασι
795 2198 1013 2317 γιγνομένους

32 2304 43 2323 ’·
66 2295 199 2362 ἐκείνων
216 2290 388 2376 εὐεργέτας
406 2291 450 2379 μή
468 2301 583 2378 τιμάν,
604 2290 627 2380 ή
643 2305 755 2360 θεῖναι
771 2318 876 2378 νομον
886 2292 966 2379 ημῖν
977 2290 1014 2372 ὃς

67 2418 127 2460 των
147 2405 217 2470 τοῖς
237 2387 407 2477 ήμετέροις
428 2387 614 2476 εὐεργέταις
633 2386 858 2476 ’νπαρχουσοόν
878 2394 1015 2478 δωρεῶν
1057 2461 1064 2471 l

68 2486 250 2607 ἀφαιρεῖταί
267 2514 314 2568 τις
336 2486 400 2610 έγω
422 2490 484 2576 μὲν
505 2491 618 2557 έκεῖνο
632 2485 732 2575 οἶμαι.
793 2484 947 2557 ἀλλ’ἵνα
969 2487 1013 2576 μή

69 2588 176 2675 πόρρω
192 2594 255 2655 τοῦ
271 2588 435 2671 παρόντος
451 2591 612 2675 γένωμαι,
636 2589 716 2677 λαβὲ
732 2585 772 2656 τά
789 2595 981 2674 ψηφίσματα
992 2584 1014 2656 ἀ

48 2721 52 2730 ·
70 2700 127 2767 τοῖς
137 2695 274 2766 Θασίοις
285 2689 419 2768 καλΒυζ
403 2688 690 2774 ζαντίοιςέγράφη.
712 2690 793 2777 λέγε

395 2862 689 2925 ΨΗΦΙΣΜΑΤΑ.

45 2999 66 3055 θ
143 2982 726 3073 Ἠκοόσατεμὲντάνφηφισμάτων,
747 2979 1029 3072 ἰὐάνδρεςδικα-Ἰ

71 3084 151 3167 σταλ,
174 3084 305 3152 τούτων
319 3084 352 3152 δ’
371 3094 449 3163 ἴσως
466 3090 549 3153 ἔνιοι
564 3093 632 3152 τόν
648 3083 784 3170 ἀνδρων
795 3082 904 3153 οὐκέτ’
919 3091 1011 3153 εἰσίν.

70 3175 144 3249 ἀλλά
164 3181 205 3250 τά
228 3187 309 3270 ἔργα
330 3181 371 3251 τά
392 3181 573 3269 πραχθέντ’
597 3188 701 3268 ἔστιν,
730 3182 903 3270 ἐπειδήπερ
926 3181 1012 3264 ἅπαξ

10 3278 12 3283 ’
70 3277 221 3366 ἐπράχθη.
254 3279 414 3368 προσήκει
431 3289 548 3349 τοίνυν
563 3281 621 3360 τάς
637 3280 756 3367 στήλας
766 3281 886 3359 ταύτας
896 3287 1013 3365 κυρίας

70 3377 122 3442 εἰῐν
129 3374 192 3444 τόν
201 3376 312 3444 πάντα
321 3377 529 3466 χρόνον,ἴν’,
542 3379 676 3465 έωςμὲν
686 3379 729 3446 ἀν
739 3405 825 3457 τινες
837 3384 931 3461 ζῶσι,
949 3404 1013 3463 μή-

71 3471 120 3541 δδν
136 3471 199 3561 ὐφ’
220 3471 318 3562 ὑμῶν
335 3473 533 3566 ἀδικῶνται,
554 3477 689 3545 έπειδάν
706 3475 743 3571 δέ
763 3472 1017 3556 τελευτήσωσιν,
