2318 3894
113 213 186 287 ,τεο
273 188 415 287 ..κιαι
456 205 875 273 Δαοιοαοοαοοε

51 448 55 455 .
121 391 207 443 σκου
224 371 407 456 λεγόντων,
428 366 484 435 ὅτε
499 362 707 451 ἐμισθοδότει
717 362 779 450 μὲν
790 379 858 443 τοῖς
870 369 1074 455 ἐνΠερίνθμ

122 472 244 553 ξένοις,
263 463 373 554 είχεδ
385 463 535 534 όλοντόν
543 460 801 583 Ελλήσποντρν,
818 459 1053 583 μίγιστοςδ”
1031 492 1076 550 ην
1139 477 1143 485 “

121 575 192 638 τάν
208 565 383 652 ὑπάρχων,
405 563 530 648 ἔγραψέ
542 587 591 651 τις
605 558 718 647 ὥσπερ
735 586 834 639 ουτος
843 562 972 646 νυνὶ
957 563 1016 628 ἐάν
1026 588 1076 641 τις

119 662 301 751 ἀποκτείνῃ
313 669 488 745 Φιλίσκον,
510 657 680 745 ἀγώγιμον
696 655 801 726 αὐτόν
815 662 853 726 ἐκ
862 665 931 726 τῶν
943 661 1076 745 συμμά-

123 790 192 851 χων
203 761 296 846 εἶναι,
305 757 388 843 πρὸς
398 757 481 838 Διὸς
491 757 664 826 θεάσασθε
674 755 750 874 είς
731 776 816 841 οσην
826 782 847 822 α
848 755 988 842 ίσχάνην
1001 753 1044 826 άν
1054 755 1086 847 ἡ·

65 847 543 947 Ιεδκόλιςὴμωνίληλόθει
520 854 755 942 ηκεμὲνγάρο
745 852 1074 942 ’Θερσαγόραςκαὶὸ

123 958 367 1046 Ἐξηκεστοςείς
376 951 523 1043 Λέσβον,
536 953 630 1023 καὶ
602 980 714 1048 ωκουν
725 958 804 1023 ἐκεῖ
823 952 897 1022 55’5
912 947 1074 1042 ἐφήπτετό

25 1132 29 1138 ,
116 1070 194 1138 τίς
190 1063 259 1125 τῶν
270 1061 431 1123 Φιλίσκου
448 1049 744 1140 φίλωνιῖπαίδων,
765 1051 973 1134 ἐξεδίδοντ’
951 1082 995 1123 αν
1006 1079 1071 1122 οπο

115 1180 188 1227 -τον
173 1153 364 1240 ’ὑμετέρου
381 1158 598 1240 ψηφίσματος.
631 1161 701 1230 πῶς
717 1145 781 1225 οὖν
792 1150 860 1221 οὐκ
874 1151 1076 1240 αίσχρδνκάὶ

120 1246 270 1323 .δεινδν”
248 1279 292 1320 αν
301 1245 359 1338 ἦτε
370 1251 593 1337 πεποιηκότες,
608 1278 633 1318 ω
621 1243 781 1338 άνδρες’
777 1260 953 1339 Αθηναῖοι,
961 1259 991 1323 εί
998 1277 1077 1329 τους

124 1353 193 1445 μδν
199 1348 277 1434 παρ’
291 1347 370 1436 ὑμῖν
380 1350 513 1428 τοιοῦτό
521 1375 554 1418 τι
566 1349 753 1432 πράξαντας
768 1356 945 1435 χαλκοῦς
930 1351 1078 1428 ιστάντες

125 1452 269 1527 καὶτοῖς
286 1453 452 1532 μεγίσταις
466 1451 604 1535 δωρεαῖς
613 1471 772 1531 τιμωντες
782 1452 976 1535 ἐφαίνεσθε,
1000 1446 1078 1526 τούς

127 1544 159 1616 δ’
174 1548 320 1629 ,ἑτέρωθί
334 1569 401 1613 που
417 1545 480 1629 τὴν
494 1542 601 1629 αὐτὴν
616 1542 747 1621 τούτοις
764 1544 916 1613 διάνοιαν
927 1544 1010 1630 ὑπὲρ
1020 1554 1078 1632 τῆς

123 1641 241 1721 πάντων
256 1646 413 1728 πατρίδος
429 1646 561 1726 ἔχοντας
574 1639 729 1719 ἐκδότους
739 1638 824 1708 εἶναι
833 1647 1078 1762 κατεψηφισμέ-

126 1767 197 1823 νοις
218 1766 317 1808 τουτο
327 1737 504 1807 τοίνυνέ
518 1741 645 1807 ἐκείνου
655 1731 783 1824 μὲν,εά
794 1746 931 1823 ποιοῦν,
942 1767 984 1809 ου
995 1762 1079 1809 συνν

126 1843 190 1926 ίβη
205 1848 456 1925 φενακισθεῖσιν
472 1834 553 1927 ὑμίν
568 1837 729 1924 αἰσχύνην
740 1835 872 1924 ὀφλεῖν
893 1840 1079 1940 ἐπὶτοάτου

129 1935 174 2023 δ’,
186 1934 245 2005 5551
255 1938 325 2022 ἐμοὶ
337 1943 517 2022 πείθησθε,
528 1937 728 2059 φυλάξεσθε.
759 1935 804 2024 μὴ
815 1935 880 2022 γάρ
892 1928 1082 2024 ὡρισμένου

118 2036 286 2125 μηδενός,
307 2031 382 2109 ἀλλ’
402 2032 547 2114 άπλοὸς“
550 2033 593 2102 άν
609 2053 658 2113 τις
677 2032 855 2122 αποκτεινη
867 2033 1076 2120 Χαρίδημον
1088 2076 1090 2082 ,

119 2134 373 2223 γεγραμμένου,
394 2131 468 2218 τάχ’
487 2127 545 2220 ἀν,
568 2130 648 2202 εί
606 2158 718 2221 τυχοι,
741 2135 795 2208 καὶ
806 2158 936 2201 τοιουτο
949 2159 980 2200 τι
991 2153 1078 2217 συμ-

70 2352 121 2408 155
210 2333 380 2420 Βούλομαι
391 2331 580 2420 τοίνυκῆδη
591 2335 646 2401 καὶ
656 2330 696 2400 τά
696 2334 920 2425 μεπραγμένα
933 2331 1078 2410 ἐξετάσαι

127 2439 176 2520 τῷ
184 2432 364 2521 Χαριδήμῳ
376 2431 431 2500 διά
442 2437 608 2518 βραχέων,
630 2434 685 2498 καί
703 2435 805 2509 δείξαι
815 2427 877 2513 τὴν
887 2427 1078 2517 ὑπερβολὴν

130 2537 188 2614 τῆς
207 2528 374 2607 ἀναιδείας
393 2537 462 2604 τῶν
482 2529 711 2596 ἐπαινούντων
730 2525 844 2593 αὐτόν.
890 2530 928 2594 ἓν
949 2525 975 2594 δ
998 2527 1078 2615 ὑμῖν

129 2628 235 2694 ἐκεῖνο
246 2623 484 2711 ὑπισχνοῦμαι·
506 2633 566 2694 καί
572 2651 637 2712 μου
648 2625 759 2711 μηδεὶς
772 2621 927 2713 ἀχθεσθῇ
936 2635 976 2714 τῇ
992 2626 1078 2695 ὑπο-

119 2723 252 2807 σχέσει·
264 2720 306 2788 05
316 2721 422 2806 μόνον
433 2720 514 2809 ὑμίν
524 2726 671 2804 ἐπιδείξω
680 2730 737 2809 τῆς
746 2731 899 2810 φυλακῆς
910 2724 973 2794 οὐκ
985 2727 1079 2807 ἀξιον

32 2887 50 2903 ,
128 2816 173 2906 ἢν
187 2821 356 2905 γέγραφεν
374 2810 487 2908 οὗτος,
510 2819 595 2891 ἀλλά
612 2823 667 2893 καί
679 2826 774 2908 δίκην
787 2821 877 2891 δόντ’
891 2820 934 2892 ἀν
945 2822 1079 2903 δικαίως

128 2914 372 3004 την-μεγίστην,
385 2919 485 3003 ἐίπερ
497 2923 530 2989 οί
538 2920 676 2989 κακόνοι
686 2922 742 2989 καὶ
754 2928 982 3006 φενακίζοντες
993 2921 1079 3010 ὑμᾶς

127 3019 184 3085 καὶ
200 3014 254 3086 555
271 3017 393 3098 παντὸς
410 3021 543 3088 ἐναντία
559 3019 757 3102 πράττοντες
772 3019 955 3106 κολάζοιντ’
972 3017 1017 3089 ἀν
1028 3025 1079 3090 δι-
1089 3030 1143 3084 668

69 3115 237 3191 145καίως.
269 3125 348 3194 ίσως
359 3119 397 3185 55
405 3137 470 3189 τισι
479 3120 698 3203 λογιζομένοις
709 3116 805 3204 ὑμῶν
814 3118 864 3187 ότι
874 3119 1079 3205 πρῶτονμὲν

98 3287 102 3293 ,
128 3216 262 3296 πολίτης
271 3217 409 3295 γέγονεν
419 3212 610 3300 ἅνθρωπος,
621 3214 690 3284 εἶτα
700 3211 800 3285 πάλιν
809 3231 943 3302 χρυσοῖς
954 3217 1080 3300 στεφά-

129 3333 200 3388 νοις
211 3305 255 3386 53
272 3306 443 3396 εὐεργέτης
458 3313 698 3399 ἐστεφάνωται,
720 3316 903 3400 θαυμάζειν
920 3314 1080 3399 ἐπελήλυ-

128 3405 282 3515 θενείτά
291 3410 588 3501 τηλικαῦτωοῦτως
597 3414 802 3501 ἐξηπάτησθε
809 3417 939 3502 ῥηιδίως.
960 3404 1080 3488 εὖτοί
