2318 3894
330 210 472 304 1112‘02
498 241 787 337 ΛοοειΝΗΝ.
982 235 1031 313 ιι

85 401 211 471 τούτου
222 406 284 470 τού
294 400 412 486 νόμον.
444 407 503 468 καί
499 426 550 467 τοι
566 405 635 467 τύν
651 399 712 486 μὲν
730 399 840 476 ἄλλον
850 377 1031 484 εόεργεταν

85 502 211 587 χρόνον
227 498 300 567 τινὰ
312 501 447 577 ἕκαστος
463 497 543 592 ἡμῖν
559 499 721 584 χρήσιμον
738 496 842 566 αὑτὸν
858 501 1029 585 παρέσχεν,

87 591 275 682 ούτοςδζ“
253 623 297 663 αν
307 605 459 682 σκοπητε,
468 596 647 681 φανησεται
660 593 896 681 συνεχωςημας
906 620 945 662 ευ
956 618 1031 662 ποι-

48 715 79 769 31
89 722 152 780 ων,
174 696 230 761 καὶ
244 692 341 760 ταῦθ’
354 721 402 762 οιν
418 691 580 780 μάλισδ’“
561 690 689 780 ημωνὴ
706 694 800 773 πόλις
817 691 927 762 δεῖται.
962 702 1030 762 ἴστε
1103 734 1111 757 ι

86 790 150 878 γάρ
164 789 423 890 Brfxqvvofiff,“
402 790 1039 882 οτιπλείοτῳτωνπάντωνάνθρύπωνχ

85 887 178 976 ἡμεῖς
188 883 368 976 ἐπεισάκτω
385 895 463 976 σίτῳ
479 890 645 974 χρώμεθα.
678 888 760 975 πρός
775 890 922 958 τοίνυν
899 914 1029 957 απαντα

85 986 147 1056 τόν
162 992 199 1054 ἐκ
215 993 283 1054 τῶν
300 953 411 1054 ἄλλων
428 953 545 1071 ίμπορί
545 1015 593 1055 ων
608 986 856 1073 ἀφικνούμενον
875 984 893 1054 ό
915 990 951 1055 ἐκ
968 994 1030 1054 τοῦ

86 1086 222 1153 Πόντου
234 1099 324 1162 σῖτος
333 1089 492 1152 είσιιλεοιν
503 1088 573 1152 ἐστί
558 1091 600 1152 ίν.
629 1085 775 1164 εἰκότως·
799 1082 914 1169 ούνάρ
925 1085 1030 1170 μόνον

44 1205 49 1213 ·
87 1183 140 1256 διά
157 1182 196 1252 τό
214 1181 275 1252 τόν
290 1184 395 1251 τόπον
411 1191 532 1250 τοῦτον
547 1197 639 1251 σίτου
655 1190 741 1269 ἔχειν
756 1191 910 1250 πλεῖστον
930 1189 1029 1250 τοῦτο

85 1275 254 1369 γίγνεταιζ
272 1279 354 1349 άλλά
371 1279 426 1349 διά
442 1279 479 1348 τό
496 1281 615 1367 κύριον
632 1278 783 1348 όντατδν
792 1280 956 1347 Λεύκωνα
966 1279 1030 1346 αύ-

85 1376 1028 1464 τούτοῑςάγουσινἎθύναζεάτίλειανδεδοικίναι,καλκη-

86 1479 218 1564 ρύττειν
234 1474 385 1563 κρότους
400 1482 588 1562 γεμίζεσθαι
604 1473 683 1560 τούς
699 1472 744 1554 ὡς
757 1472 845 1560 ύμολς
861 1478 1027 1554 πλέοντας.

62 1599 63 1602 ’
86 1583 169 1662 ἔχων
189 1576 254 1660 γάρ
276 1578 398 1654 ἐκεῖνος
416 1577 521 1664 ἑαυτῷ
543 1576 681 1653 καὶτοῖς
698 1571 1028 1659 παισλτὴνάτέλειαν
1087 1640 1098 1656 ,

53 1693 79 1747 32
86 1672 188 1741 ἅπασι
201 1669 346 1740 δέδοικεν
357 1670 447 1758 ὑμῖν.
470 1678 568 1740 τοῦτο
581 1669 613 1739 δ’
624 1670 740 1759 ἡλίκον
751 1672 816 1738 ἐστὶ
827 1670 1024 1758 θεωρήσατε.
1036 1685 1089 1742 46⁷

85 1775 208 1847 ἐκεῖνος
229 1770 404 1855 πράττεται
423 1771 502 1848 τούς
523 1763 598 1855 παρ’
615 1768 721 1848 αὑτοῦ
743 1785 835 1838 σῖτον
854 1770 1028 1854 ἐξάγοντας

39 1958 41 1962 Ι
85 1867 290 1952 τριακοστήν.
323 1872 361 1934 αί
372 1874 488 1935 τοίνυν
499 1867 572 1952 παρ’
585 1871 712 1935 ἐκείνου
723 1866 809 1951 δεῦρ’
822 1864 1028 1954 άφικνούμε-

85 1993 137 2034 ναι
146 1977 243 2034 σίτου
253 1966 413 2051 μυριάδες
424 1968 497 2053 περὶ
507 1966 747 2051 τετταράκοντά
764 1971 841 2033 είσι·
863 1963 1024 2034 καλτούί

86 2067 120 2131 ἐκ
135 2071 196 2149 τῆς
210 2061 301 2148 παρά
315 2078 384 2142 τοῖς
404 2064 618 2152 σιτοφύλαξιν
634 2063 831 2158 άπογραφῆς
841 2063 885 2131 όν
894 2090 942 2142 τις
952 2068 1025 2132 ίδοι.

87 2159 211 2230 ούκοῦυ
221 2158 310 2244 παρά
323 2163 384 2246 μὲν
394 2160 452 2241 τάς
461 2164 639 2247 τριάκοντα
650 2164 812 2248 μυριάδας
828 2163 967 2248 μυρίους
976 2166 1028 2229 δί-

88 2263 163 2326 δωσι
173 2263 353 2345 μεδίμνους
362 2256 451 2346 ἡμῖν,
460 2259 548 2345 παρὰ
556 2258 654 2336 δὲτὰς
665 2258 1029 2341 δίκαὼσπερανελτρισ-

57 2364 214 2440 λλχιλίους.
243 2357 407 2425 τοσούτου
418 2365 534 2425 τοίνυν
543 2355 727 2441 δελταύτην
737 2354 957 2440 ἀποστερῆσαι
966 2353 1029 2439 τὴν

89 2452 215 2539 δωρεάν
226 2452 290 2540 τὴν
301 2455 400 2522 πόλιν
417 2455 502 2526 ὥστε
523 2454 858 2540 προσκατασκευάσας
869 2453 1029 2541 ἐμπόριον

40 2637 48 2653 .
89 2551 318 2635 Θευδοσίαν,
297 2578 315 2620 ο
329 2572 432 2637 φασιν
443 2558 476 2621 οί
485 2557 638 2633 πλέοντες
649 2550 753 2621 οὐδ”
736 2560 851 2641 οτιούν
859 2565 971 2638 χεῖρον
981 2551 1029 2620 εί-

89 2675 210 2717 ναιτυυ
197 2651 410 2736 Βοσπόρου,
422 2651 581 2720 κάνταῦθ’
595 2657 697 2720 ἔδωκε
708 2635 955 2738 τὴνάτίλειαν
936 2665 1023 2736 ημῖν.

89 2750 136 2813 καὶ
147 2773 188 2814 τα
176 2744 294 2831 μὲν
271 2756 355 2815 αλλα
367 2756 497 2832 σιωπω
518 2726 644 2818 πόλλ’”
622 2777 666 2818 αν
668 2754 761 2835 ἔχων
772 2747 954 2834 εἰπεῖν,οσ
968 2747 1028 2815 εύ-

87 2839 408 2930 ηργίτηκενυμας
363 2871 461 2925 ουτος
472 2873 557 2934 ανηρ
569 2845 734 2926 καίοντος
743 2848 798 2914 καί
809 2850 843 2914 οί
851 2870 1025 2931 πρόγονοι

89 2938 163 3009 ἀλλὰ
171 2947 367 3027 πραπερυσι
375 2951 499 3014 σιτοδε
485 2954 536 3026 ας
542 2970 631 3030 παρα
643 2952 744 3012 πᾶσιν
760 2943 955 3027 α’νθροίποις
969 2971 1027 3030 γε

88 3037 273 3126 νομένης’
233 3063 275 3106 ου
287 3040 393 3125 μόνον
403 3040 484 3128 ύμῖν
494 3041 612 3111 ίκανδν
623 3058 716 3110 σῖτον
725 3041 930 3129 ἀπέστειλεν,
942 3042 1026 3113 άλλόι

88 3144 243 3205 τοσοῦτον
263 3137 347 3206 ὥστε
373 3148 528 3209 πεντεκαί
513 3146 605 3209 ίδεκα
631 3140 793 3227 ἀργυρίου
814 3140 1025 3229 τάλαντα,α
1011 3141 1026 3167 “

57 3237 311 3322 λλΚαλλισδενης
321 3237 471 3328 διωκησε,
483 3242 810 3327 προσπεριγενέσθαι
840 3232 925 3308 τί
883 3265 947 3308 ουν
958 3250 1026 3308 οίε-

89 3339 162 3415 οδε,
183 3359 210 3400 ω
199 3325 350 3416 ’ἄνδρες
366 3333 552 3423 Ἀθηναῖοι,
573 3345 694 3405 τοῦτον
709 3335 770 3404 τόν
785 3343 938 3404 τοιοῦτον
950 3340 1025 3419 περὶ

88 3423 168 3514 υμᾶς
183 3435 420 3518 γεγενημένον,
448 3432 547 3503 ἐάν’
528 3436 657 3524 ακούσῃ
677 3435 769 3524 νόμον
793 3433 855 3520 τὴν
876 3431 1025 3506 άτίλειαν
