2318 3894
252 234 394 298 ΠΡΟΣ
411 234 821 310 ΠΑΝΤΑΙΝΕΤΟΝ,
954 235 1016 300 451

68 408 117 483 γαι
128 395 283 482 πράττειν
292 395 408 479 ἑτέραν
417 387 500 480 ῆκεν
511 398 597 479 ἔχων
613 391 816 480 πρόκλησιν,
837 391 938 474 ἀξιῶν
955 391 1077 469 αεὶ-979

68 492 319 582 τδςβασανίζειν
329 489 391 562 τδν
400 491 661 578 ἄνθρωπον,καί
672 490 908 577 ἐπιλαβόμενος
917 489 1017 577 εἷλκε,
1062 552 1067 569 x

23 595 124 665 43καί
143 595 315 662 ἐνέλειπεν
332 589 435 661 οὐδὲν
454 589 634 677 ἀσελγείας.
668 593 725 660 καὶ
743 590 836 677 ἔγωγ’
848 591 1019 678 ἐνεθυμή-

67 701 153 810 θην,
176 717 201 758 οι
192 683 334 772 ἀνδρες
344 691 508 776 δικασταί,
522 686 588 777 ῆλί
585 715 648 758 κον
664 692 733 758 ίστί
741 687 1013 776 πλεονέκτημα
979 715 1017 757 το

67 788 115 909 μῆ
129 793 402 882 καταπεπλῆχθαι
418 787 479 856 τδν
495 796 580 876 βίον.
614 787 680 875 ἐγώ
697 787 762 889 γάρ
774 792 903 879 ἐμαυτῷ
914 797 1018 858 ταῦτα

68 886 207 972 πύσχειν
218 877 360 955 ἐδόκουν
375 886 691 972 καταφρονούμενος
706 894 752 977 τῷ
771 887 885 968 ἁπλοῖς
901 885 997 956 καΓ
974 913 1019 966 ας

69 990 203 1070 πέφυκα
215 991 290 1072 ζῆν,
307 987 415 1054 καίί
380 989 475 1070 δίκην
493 984 624 1053 διδόναι
634 988 828 1103 παμμεγέθη
839 984 928 1054 ταῦτ’
941 987 1019 1054 ἀνε-

69 1084 222 1169 χόμενος·
242 1081 336 1152 δτιδ’
348 1076 666 1170 ούνῆναγκαζόμην,
684 1081 758 1169 παρ’
771 1079 956 1170 ἀῆγούμην
968 1088 1019 1151 δί-

69 1207 147 1248 καια
157 1179 251 1263 εἶναι,
263 1179 588 1268 ἀντιπροκαλεῖσθαι,
599 1183 656 1249 καὶ
664 1178 729 1248 -τδν
739 1185 872 1266 οἰκέτην
882 1184 1020 1263 παρεδί-

10 1314 12 1318 ·
70 1283 162 1348 δονν.
184 1281 240 1347 καὶ
250 1276 303 1347 ὅτι
311 1275 403 1347 ταῦτ’
415 1276 528 1366 ἀληθῆ
538 1281 633 1364 λέγω,
646 1281 720 1362 λέγε
730 1278 793 1363 τῆν
804 1277 997 1364 πρόκλησιν.

392 1434 679 1498 ’ΠΡΟΚΛΗΣΙΣ

26 1584 63 1638 44
151 1565 276 1654 Φνγιδν
287 1567 349 1654 μὲν
359 1574 475 1636 τοίνυν
485 1574 605 1651 ταῦτα,
623 1565 744 1653 φυγάν
760 1565 791 1634 δ’
805 1565 874 1635 ἀπὸ
888 1575 1021 1652 πρῶτον

70 1662 171 1747 αύτδς
182 1664 447 1752 προύκαλέσατο,
459 1662 620 1751 ἔγωγε,”
599 1691 662 1734 οτι
672 1690 735 1734 ποτ
733 1663 824 1749 ἐρεῖ
830 1692 913 1752 προς
923 1692 1020 1753 νμας
1132 1689 1135 1692 ’

70 1766 241 1852 θαυμάζω.
273 1763 372 1833 λναδ
387 1762 530 1852 εἰδῆτε
512 1761 569 1850 αφ’
583 1789 624 1832 ον
611 1755 725 1851 φησί
736 1765 792 1835 καὶ
807 1792 848 1832 τα
836 1761 950 1832 δεινα
961 1790 1022 1832 πε-
1129 1819 1132 1823 .

72 1865 253 1945 πονθέναι,
271 1863 453 1931 θεασασθε.
488 1854 587 1941 ούτός
598 1860 717 1930 ἰστινο
728 1851 956 1933 Πανταίνετον
966 1865 1023 1931 ἐκ

69 1960 197 2048 βαλών,
208 1950 306 2037 οὗτός
318 1955 415 2026 ἐσθ’
399 1969 586 2043 οκρείττειν
596 1967 783 2044 τῶνφίλων
796 1971 865 2029 τῶν
875 1969 1023 2029 Πανται-

72 2055 449 2142 νέτουκαὶτάννύμων.
481 2053 523 2124 ού
535 2053 599 2142 γάρ
611 2053 708 2141 ἔγωγ’
717 2058 923 2143 ἐπεδήμουν,
945 2056 1020 2124 οὐδ’

72 2155 172 2236 αὐτὸς
183 2159 320 2241 ἐγκαλεῖ.

29 2274 63 2328 45
156 2254 325 2339 Βούλομαι
337 2253 369 2321 δ’
382 2251 461 2340 ὑμῖν
474 2255 528 2322 καί
543 2251 584 2321 δι’
597 2245 648 2321 ἀν
662 2252 742 2334 τούς
752 2255 917 2342 πρότερον
927 2261 1022 2323 δικα-

73 2353 152 2431 στάς
169 2352 372 2438 ἐξαπατήσας
393 2349 460 2421 εἷλε
477 2350 537 2422 τὸν
545 2351 700 2439 Εὔεργον
719 2360 840 2438 εἰπεῖν,
863 2353 905 2422 ἵν’
918 2350 1034 2441 εἰδῆθ’.
1053 2387 1055 2392 ·

73 2452 126 2537 ὅτι
135 2454 190 2520 καί
202 2458 267 2518 νῦν
278 2449 379 2519 οὐδὲν
396 2448 469 2519 οὔτ’
483 2448 651 2529 ἀναιδείας
668 2451 745 2520 ούτε
763 2461 825 2520 τοῦ
839 2454 1027 2533 ψεύδεσθαι

73 2554 276 2634 παραλείψει.
305 2549 388 2634 πρὸς
400 2551 436 2618 δὲ
451 2548 582 2628 τούτοις
597 2552 740 2638 καὶπερὶ
755 2543 803 2619 ἀν
815 2552 1026 2638 ἰμοίδικάζε-
1043 2542 1047 2547 ’

73 2647 283 2727 ταινανίτάς
294 2646 510 2728 αύτάςὶιύσας
528 2647 707 2735 ἀπολογίας
724 2647 897 2736 εύρῆσετε·
920 2649 1031 2734 ὅσπερ·

73 2752 203 2832 ἔλεγχος
213 2745 446 2835 ἀκριβέστατός
462 2750 552 2816 ἐστιν
568 2744 655 2834 ὑπὲρ
672 2755 734 2817 τού
751 2745 816 2818 τότ’
828 2752 957 2818 ἐκεῖνον
967 2766 1023 2815 σε-

74 2856 359 2933 συκοφαντῆσθαι.
400 2839 499 2928 οὗτος
520 2846 585 2934 γάρ
607 2844 767 2936 ῆτιάσατο
786 2851 918 2916 ἐκεῖνον
940 2845 1024 2931 πρὸς

74 2942 255 3024 ἀπασιτοίς
276 2945 414 3024 ἀλλοιςέ
398 2942 526 3015 ἐλθόντ’
537 2951 586 3026 εἰς·
602 2944 709 3033 ἀγρὸν
717 2944 764 3025 ιάς
780 2942 886 3013 αὑτὸν
902 2946 1032 3020 ίπίτάς

74 3043 274 3129 ἐπικλήρους
291 3049 456 3112 εἰσελθεῖν
473 3041 580 3112 καί
542 3070 606 3164 την
615 3040 785 3130 μητέρα
748 3068 810 3128 την
820 3038 944 3124 αὑτοῦ,
967 3043 1023 3108 καί

73 3140 152 3220 τοὺς
168 3142 294 3227 νόμους
314 3169 395 3228 ηκεν
413 3147 497 3227 ἔχων
513 3141 593 3221 τοὺς
609 3151 677 3210 τάν
693 3140 879 3261 ἰπίκλῆριον
891 3137 974 3241 πρὸς
984 3138 1022 3205 τὸ

31 3241 294 3326 ςρδικαστῆριον.
317 3245 372 3309 καὶ
384 3266 468 3326 προς
478 3234 803 3326 μὲντοναρχοντα,
784 3263 825 3308 ον
834 3263 907 3307 ταν
911 3263 1023 3304 τοιου-
1028 3248 1085 3302 980

72 3366 140 3406 ταν
155 3343 190 3406 oc
204 3338 303 3424 νόμοι
318 3340 515 3407 κελεύουσιν
530 3338 756 3431 ἐπιμελεῖσθαι
773 3339 829 3405 καὶ
846 3360 946 3424 παρ
934 3325 961 3401 ὦ
977 3342 1048 3420 τῷ

72 3463 133 3520 μεν
143 3433 314 3528 ῆδικηκότι
329 3441 487 3516 κίνδυνος
497 3441 571 3544 περὶ
581 3443 688 3504 τουτί
695 3461 757 3521 χρη
747 3431 926 3584 παῖίζεξν
905 3428 925 3519 ῆ
938 3431 1024 3500 ἀπο·

1110 564 1128 614 Χ
