2318 3894
291 339 294 345 ,
341 255 484 319 RATA
511 255 754 318 ακτκιου.
928 278 932 284 -
981 253 1022 318 ⁵5

72 423 254 496 τούτονελς
271 412 374 503 ύμοῖς,
397 414 442 495 ὡς
451 416 513 501 μὲν
523 417 593 501 ἐμοὶ
604 420 710 501 δοκεῖ,
739 413 785 484 δι’
797 413 971 502 ἀμφότερ’,
995 409 1023 484 ιδ

72 516 195 604 ἅνδρες
203 512 389 601 Ἀθηναῖοι,
407 513 448 600 νή
460 512 538 592 τούς
549 513 667 601 θεούς,
683 519 739 584 καλ
751 513 843 583 δεινὰ
855 517 1023 584 πεπονθέ-

71 642 129 683 ναι
144 620 335 700 νομίζοντες
351 613 407 700 ἐμὲ
423 617 478 680 καὶ
496 617 591 700 δίκην
609 613 677 700 ἅμα
693 615 894 701 βουλόμενοι
909 622 1023 701 λαβεῖν

75 704 124 780 ὦν
134 714 267 781 ε’τιίτῶν
278 708 390 779 ἄλλων
401 713 575 779 ἐτεθέαντο
585 710 721 794 θρασύν
732 712 813 782 ὄντα
830 716 884 782 καλ
901 719 1023 801 βδελυ-

48 811 203 894 δ’ρὸνκαλ
213 806 470 878 ούδὲκαθεκτδν
482 817 537 878 ἔτι.
570 810 659 879 οὕτω
671 813 706 880 δὲ
722 811 850 880 τούτων
866 812 1022 898 ἐχόντων,

72 907 138 978 ὅσα
154 911 216 996 μὲν
233 907 315 992 παρ’
334 913 415 994 ἐμοῦ
432 919 578 995 προσῆκε
596 919 823 997 φυλαχθῆναι,
845 912 954 979 τιοίυτα
971 908 1022 978 δι’-
1077 955 1081 964 ·

73 1008 176 1087 καίως
191 1005 272 1094 ύμῖν
288 1007 475 1094 τετήρηται,
498 1011 552 1076 κοιλ
569 1036 713 1095 κατηγορ
727 1011 822 1092 οων,
845 1010 957 1095 ἐπειδή
974 1035 1022 1087 τις

74 1106 215 1192 εἰσάγει,
228 1105 371 1192 κύρειμι,
384 1104 428 1183 οἱς
438 1103 545 1192 ὁρᾶτε,
556 1105 662 1175 πολλοὶ
673 1038 744 1193 μλδ,
757 1102 784 1175 6
796 1106 1023 1201 ύνδρεςἈθη

73 1219 178 1289 ναῖοι,
199 1201 338 1299 χρήματ’
359 1203 434 1282 ἐξόν
450 1231 506 1288 μοι
524 1213 637 1291 λαβεῖν
654 1205 738 1272 ὥστε
756 1203 799 1291 μή
816 1219 1021 1290 κατηγορεῖν,

72 1300 116 1372 ού
131 1301 263 1388 λαβών,
284 1300 407 1380 πολλὰς
424 1303 460 1370 δὲ
477 1303 605 1388 δεήσεις
621 1307 676 1370 καὶ
693 1304 825 1388 χάριτας
841 1306 895 1371 καλ
910 1303 952 1389 νή
965 1299 1021 1372 Δί’

48 1398 209 1477 λίιττειλδις
220 1396 407 1484 ὑπομείνας.
431 1395 452 1466 6
464 1398 492 1466 δ’
503 1405 540 1466 ἐν
550 1398 631 1485 ύμῖν
640 1402 719 1486 μετὰ
728 1400 831 1468 ταύτοί
839 1404 928 1469 ἐστιν
938 1399 1024 1469 ὑπό-

73 1508 191 1581 λοικα,
213 1496 283 1587 ὅσω
302 1506 449 1567 πλείοσιν
465 1491 564 1577 οὗτος
580 1497 817 1586 ήνύχληκεκαλ
828 1498 1023 1586 περιήγγελ-

72 1616 133 1664 κεν
149 1596 280 1682 (ἑώρων
296 1596 360 1681 γάρ
378 1594 482 1664 αύτδυ
499 1596 573 1681 ύρτι
584 1596 648 1682 τιρδ
661 1606 728 1666 των
739 1602 958 1684 δικαστηρίων
969 1593 1023 1667 οἷα

72 1697 212 1780 ἐκοίει),
234 1695 382 1783 τοσούτῳ
401 1704 527 1781 μᾶλλον
538 1699 652 1778 ἐλπίζω
663 1696 701 1765 τδ
714 1702 843 1767 δίκαιον
854 1699 946 1778 ἕξειν.
981 1693 1023 1763 ού

71 1789 136 1878 γὰρ
154 1788 199 1860 δν
215 1802 416 1879 καταγνοίην
431 1792 528 1879 ύμων
547 1792 685 1874 ούδενδς
707 1794 786 1864 οὔθ’
811 1793 854 1876 ὡς
875 1797 950 1878 ιτερλ
973 1785 1023 1861 οἷν

71 1890 156 1976 πρὸς
167 1891 223 1977 ἐμὲ
234 1892 459 1960 ἐσπουδάσατε
470 1890 563 1960 αὐτοὶ
570 1893 721 1979 ’τούτων
732 1892 926 1980 ἀμελήσετε
939 1889 1019 1960 οὔθ’

71 2085 167 2172 ὑμῶν
185 2084 368 2173 ὀμωμοκώς
384 2087 465 2158 ίίλλο
483 2073 513 2156 τι
530 2088 650 2176 πλήυ’
629 2117 647 2156 ο
659 2116 690 2157 τι
700 2085 744 2157 ι’ίν
733 1998 912 2156 ζδίκαιον’
889 1997 1022 2210 ηγήται.

49 2191 101 2254 δελ
110 2178 231 2272 μὲν
186 2211 268 2273 ουν,
291 2214 317 2254 ω
306 2179 464 2274 ίίνδρις’
460 2198 645 2276 Αθηναῖοι,
668 2183 904 2275 καρανόμωυή
915 2211 1023 2268 παρα-

30 2370 33 2377 *
71 2284 285 2371 αρεσβείας”
263 2311 283 2370 η
300 2311 389 2364 τινος
405 2285 576 2371 ἅλληςτ
525 2292 576 2352 αλτ
578 2293 627 2364 λυς
650 2295 790 2370 ἔμελλον
807 2287 912 2352 αὐτοῦ
922 2307 1024 2366 κατη-

70 2397 184 2468 γορεῖν
194 2383 358 2471 τοιαύτης,
371 2379 507 2455 ούδὲν’“
486 2410 529 2451 αν
539 2381 636 2470 ύμιᾶυ
644 2381 762 2482 ήξίουν
774 2388 915 2466 δεῖσθαι,
928 2383 1024 2465 νομί·

72 2485 135 2560 ζων
150 2488 201 2570 τῷ
218 2479 258 2567 μδ
259 2508 280 2548 ν
298 2482 470 2573 κατηγόρῳ
490 2485 564 2569 ιἰερλ
580 2491 649 2550 των
667 2480 827 2550 τοιούτων
844 2478 1084 2566 κροσήκειυοΙθ

72 2582 215 2665 ἐλέγχειν
240 2580 356 2665 μόνον,
383 2589 431 2670 τῷ
458 2581 494 2648 δὲ
523 2579 683 2666 φεύγοντι
703 2582 758 2648 καὶ
780 2586 1020 2665 παραιτεῖσθαι.

72 2676 183 2764 ἐπειδή
208 2681 245 2745 δὲ
266 2679 345 2757 τούς
366 2704 401 2746 τε
423 2676 536 2763 κριτὰς
554 2683 813 2764 διαφθείραντος
828 2675 951 2744 τούτου
968 2676 1024 2742 καὶ

74 2775 126 2844 διδ
146 2784 249 2846 τούτο
270 2785 328 2862 τῆς
344 2785 455 2896 φυλῆς
476 2775 598 2856 ἀδίκως
617 2775 853 2862 ἀφαιρεθείσης
873 2772 934 2841 τόν
954 2779 1025 2859 τρί-

54 2879 178 2960 διιοδα,
198 2872 314 2943 ταδ’
271 2873 380 2953 αυτὸς·
392 2873 519 2961 τληγίις
535 2902 550 2942 ε
552 2875 678 2961 λληφως
695 2878 750 2944 καὶ
762 2873 960 2962 ὑβρισμένος
971 2867 1024 2938 οἷα

77 2972 136 3042 οὐκ
148 2970 209 3042 ολδ
222 2980 254 3041 ελ
260 2999 308 3051 τις
319 2971 418 3051 αλλος
428 2998 559 3041 ιτωιιοτε
569 3000 709 3060 χορηγος
719 2971 783 3060 υβρ
785 2969 909 3055 ίσθη,
886 2997 930 3055 ην
940 2967 1024 3052 υιιδρ
1068 2979 1071 2986 ’

78 3072 203 3140 τούτων
218 3068 449 3156 ἀγανακτήσας
466 3074 521 3141 καὶ
541 3075 773 3157 συνοργισθεὶς
783 3093 1024 3155 καταχειροτο-

78 3166 179 3236 νίαν“
163 3196 181 3238 ο
194 3175 298 3256 δῆμος
309 3168 501 3255 ἐποιήσατο,
523 3170 648 3257 ταύτηγ
660 3176 861 3290 εἰσέρχομαι,
884 3166 946 3237 οὐκ
963 3164 1023 3234 ὀκ-

80 3266 166 3352 νησω
176 3269 231 3336 καὶ
240 3273 435 3346 δεισθαι
405 3274 435 3336 ε
443 3294 507 3353 γαρ
518 3264 590 3336 οιον
600 3275 725 3343 ητουτ
728 3266 854 3336 ἐἰπεῖν
862 3264 946 3356 ἐγω
958 3292 1024 3333 νυν

82 3365 206 3452 φεύγω,
230 3375 323 3449 ελττερ
339 3364 542 3452 ὑβρισθέντα
559 3348 718 3454 μηδεμιᾶς
734 3371 825 3453 δίκης
835 3375 946 3446 τυχεῖν
957 3359 1026 3423 ἐστί

64 3469 125 3540 ῖτις
140 3463 307 3552 συμφορά.
340 3468 453 3552 δέομαι
470 3459 534 3535 ούν
555 3464 650 3553 ὑμῶν
667 3462 842 3547 ἁπάντων,
864 3486 890 3527 ω
877 3451 1024 3539 ἄνδρες
