2318 3894
310 255 452 320 ΠΡΟΣ
470 257 756 322 ΛΑΚΡΙΤΟΝ.
944 257 1008 323 405
1072 316 1076 322 .

63 425 179 503 κρίτου
196 422 339 503 πονηρία
355 416 491 502 τοιαύτη
509 418 613 485 ἐστίν·
641 416 706 501 §yffi
724 412 757 517 δ’
769 413 866 502 ὑμῶν
883 421 1008 504 δέομαι,

20 581 22 587 .
63 510 224 603 ἀάυδρες
243 517 410 601 δικασταί,
433 514 594 594 εύνολκῶς
615 515 763 582 ἀκοῦσαί
774 540 840 601 μου
857 517 1010 599 περὶτοῦ

62 613 252 700 πράγματος
266 621 416 684 τουτουί·
445 608 511 683 κάν
527 615 680 698 ἐξελέγξω
702 610 808 682 αάτδν
828 612 1010 683 ἀδικοῦντα

60 739 148 798 ημας
157 739 192 780 τε
203 712 282 791 τούς
295 718 508 792 δανείσαντας
518 713 574 780 καί
584 709 671 798 ύμάς
681 709 760 780 οὐδὲ
745 716 783 780 ὲν
793 702 909 798 ήττου,
926 720 1010 801 βοη-

61 819 153 878 θεῖτε
164 808 253 902 ήμῑν
254 837 294 878 τα
283 806 429 878 δίκαια.

34 933 51 987 3
142 907 226 992 Ἐγώ
247 907 330 996 γάρ,
354 936 380 976 ω
369 899 522 993 ἀνδρες
544 913 708 995 δικασταὶ,
729 909 835 991 αύτὸς
851 911 911 998 μὲν
932 908 1008 980 οὐδ’

62 1005 900 1101 ὁπωστιοῦνἐγνώριζεντούςάνθρύπουςτούτους·
919 1017 1010 1094 Θρα-

62 1106 211 1193 συμήδης
223 1104 285 1172 δΗ
268 1133 286 1175 ο
298 1105 495 1192 Διοφάντου
507 1102 595 1192 υίδς,
614 1110 744 1174 ἐκείνου
752 1132 814 1175 του
799 1112 1007 1193 Σφηττίου,
1019 1125 1071 1180 925

60 1207 115 1272 καὶ
125 1204 335 1284 Μελάνωπος
353 1203 370 1273 ὁ
390 1190 534 1292 ἀδελφὰς
551 1203 657 1272 αὐτοῦ
673 1204 852 1291 ἐπιτήδειῶ
864 1210 927 1290 μοί
936 1210 1010 1288 είσι,

61 1304 117 1371 καί
127 1301 270 1390 χρώμεθ’
282 1301 435 1391 ἀλλήλοις
447 1301 491 1382 ὡς
503 1299 576 1371 οἷόν
587 1329 623 1371 τε
634 1294 893 1390 μάλιστα.ὀύτοι
904 1322 1008 1386 προσ-

59 1401 172 1486 ήλθόν
188 1427 244 1487 μοι
265 1399 346 1486 μετά
367 1407 558 1489 Λακρίτου
559 1403 709 1488 τουτουί,
733 1399 864 1470 ὁπόθεν
886 1402 1008 1486 δήποτε

34 1501 296 1584 Ὶέγυωρισμέυοι
311 1499 419 1590 τούτφ
438 1497 493 1588 (ού
509 1496 574 1585 γάρ
591 1499 697 1588 οίδα),
720 1501 776 1567 καὶ
793 1500 925 1575 ἐδέοντό
943 1526 1009 1586 μου

60 1598 343 1685 δυνείσαιχρήματ
344 1596 460 1678 ἐίς
425 1599 628 1668 τουΠόντου
642 1597 874 1690 Αρτέμωνι
829 1625 874 1666 τω
884 1624 1008 1667 τουτου
1106 1636 1113 1648 ·

59 1693 196 1784 ἀδελφῷ
206 1698 260 1764 καὶ
269 1680 557 1786 Ἀπολλοδάρφ,”
536 1722 627 1776 οπως
638 1693 682 1765 ἀν
695 1691 862 1785 ἐνεργοὶ’
834 1712 934 1782 ωσιν,
947 1695 1008 1766 ού-

60 1793 159 1862 δὲνεί
145 1793 233 1878 ίδάς,
247 1821 272 1860 ω
261 1787 405 1879 ἀνδρες
416 1798 581 1883 δικασταὶ,
593 1793 696 1884 οὐδ”
680 1823 698 1864 ο
700 1788 982 1883 Θρασυμήδης
946 1821 1008 1885 την

59 1865 189 1958 τούτων
210 1899 392 1977 πονηρίαν,
414 1891 482 1961 ἀλλ’
501 1894 652 1979 οίύμευος
671 1893 756 1961 είναι
776 1891 964 1972 ἐπιεικεῑς’
945 1921 1008 1963 αν-

59 1986 219 2074 θράπους
231 1990 286 2056 καὶ
297 1984 422 2072 οἷοίπερ
435 1997 696 2072 προσεποιοῦντο
707 1993 762 2059 καὶ
772 1997 901 2076 ἔφασαν
912 1992 1006 2073 εἶναι,
1029 2026 1037 2043 ·

60 2083 321 2172 καθηγούμενος
342 2086 494 2173 ποιήσειν
515 2084 643 2168 αύτούς.
658 2088 766 2156 πάντυ
788 2085 912 2174 ὅσαπερ
928 2086 1003 2155 ὑπι-

32 2198 188 2268 εσχνεϊτο
206 2187 273 2252 καὶ
277 2184 446 2270 ἀνεδέχετο
464 2185 628 2269 Λάκριτος
644 2183 768 2254 οὑτοσί.
800 2194 956 2255 πλεῖστον
973 2182 1005 2252 δ’

60 2278 109 2364 ἀρ’
120 2308 164 2367 ην
174 2281 391 2369 ἐψευσμενος,
410 2286 464 2351 καὶ
476 2282 554 2352 οὐδὲ
555 2283 749 2373 νήδειοιυις
760 2293 891 2372 θηρίοις
907 2288 1002 2370 ἐπλη-

31 2406 39 2413 ·
60 2383 147 2458 σίαζε
157 2392 224 2471 τοῖς
236 2376 430 2475 ἀνθρώποις
440 2383 577 2460 τούτοις.
604 2380 698 2467 ιιάγω
687 2380 885 2462 πεισθεὶς“
866 2382 932 2450 υπό
944 2391 1005 2451 τοῦ

60 2476 302 2565 Θρασυμήδους
318 2481 372 2548 καὶ
389 2487 450 2547 τοῦ
468 2477 671 2567 ἀδελφοῦ’
629 2489 751 2568 αυτοῦ,
773 2483 827 2550 καὶ
838 2487 1006 2568 Λακρίτου

58 2577 193 2657 τουτουί
213 2572 459 2663 ἀναδεχομένου
480 2605 537 2665 μοι
558 2577 652 2648 πάντ’
675 2586 811 2649 ἔσεσθαι
834 2577 873 2649 τά
895 2585 1005 2648 δικαια

58 2674 148 2761 παρά
165 2683 233 2743 των
248 2672 405 2761 ἀδελφῶν
421 2673 622 2764 τωναύτού,
640 2679 793 2748 ἐδάνεισα
809 2706 895 2764 μετα
878 2677 1004 2760 ξένου
1120 2760 1124 2773 .

10 2786 12 2793 '
57 2800 147 2852 τινος
156 2801 317 2860 ημετερου
327 2782 522 2862 Καρυστίου
539 2777 716 2862 τριάκουτα
732 2787 817 2863 μυάς
832 2777 1004 2864 ἀργυρίου.

32 2870 222 2957 9βούλομαι
240 2866 318 2955 οάν,
344 2901 370 2941 ω
359 2866 511 2961 ἀνδρες
534 2879 699 2963 δικασταί,
727 2885 785 2962 τῆς
812 2884 1007 2962 συγγραφῆς

24 3006 25 3010 ,
58 2966 201 3035 ἀκούσαι
217 2966 304 3055 ὑμᾶς
321 2980 471 3056 πρῶτον,
491 2973 568 3042 καθ’
578 2972 622 3061 ήυ
638 2978 856 3060 ἐδανείσαμεν
868 2973 909 3041 τά
924 2974 1008 3059 χρή-

57 3092 154 3153 ματα,
173 3068 228 3135 καὶ
239 3070 579 3156 τῶνμαρτύρωυτιὸν
597 3074 877 3157 παραγενομένων
887 3077 933 3161 τῷ
946 3075 1006 3136 δα-

58 3174 223 3251 νείσματι·
257 3171 369 3233 ἔπειτα
390 3170 464 3252 περὶ
485 3175 554 3236 τῶν
575 3167 686 3237 ἀλλων
707 3171 924 3254 ἐπιδείξομεν,
952 3163 1007 3237 οἷα

58 3263 322 3351 ἐτοιχωρύχησαν
334 3255 426 3334 οὗτοι
443 3268 518 3353 περί
529 3262 565 3336 τδ
579 3267 721 3337 δάνειον.
750 3271 824 3353 λέγε
843 3264 904 3354 τήν
921 3287 1003 3355 συγ-

57 3361 202 3451 γραφήν,
216 3362 284 3465 εἶτα
294 3362 353 3443 τάς
364 3373 553 3453 μαρτυρίας.
