2318 3894
302 257 759 322 πεοεοοεαιαακ
939 258 1002 355 τοι

59 427 172 507 λαβελν
183 419 272 505 παρὰ
285 423 498 505 Φορμίωνος,
521 416 680 506 ἐπειδὴδὲ
696 417 733 489 τό
752 404 957 507 συμβόλαιον
967 424 1017 519 ἐν.

57 526 104 610 τῷ
121 517 266 607 δμετὲρφ
283 519 427 604 ἐμπορίῳ
444 523 578 604 γέγονε,
600 515 645 604 μὴ
668 517 810 603 φάσκειν
834 516 907 603 παρ’
926 516 1005 605 ὑμῖν

15 618 196 698 ςςτοότους
207 615 341 701 ὑφέξειν
351 614 412 702 τὴν
430 619 534 701 δίκην.
561 620 617 684 καλ
634 615 690 684 ὅτε
706 617 768 704 μὲν
780 616 931 706 Θεοδότῳ
943 616 1005 705 τὴν

58 716 436 800 δίαιταυέπετρέιγαμευ,
451 712 678 836 ὡμολόγησαν
698 714 784 784 εἶναι
802 715 878 785 καθ’
892 716 1005 785 αὐτῶν

57 811 181 905 ἐμοὶ
145 841 207 901 την
224 817 322 898 δίκην
339 802 575 899 εἰσαγάγιμου·
595 816 672 882 νυνὶ
688 813 724 882 δὲ
740 815 1005 885 τοδναντίουλέ-
1024 801 1032 816 ’
1068 852 1074 865 ,

56 933 176 1000 γουσιν
188 903 237 978 ἀν
249 910 413 996 πρότερον
424 908 519 978 αὐτοὶ
537 913 844 1033 συγκεχωρηκασιν,
866 913 910 994 άς
927 917 1013 984 δέον
1140 989 1147 1002 ,

58 1038 147 1096 παρα
136 1008 274 1095 μὲν
242 1034 287 1076 τω
276 1008 460 1098 Θεοδότῳ
470 1035 522 1097 τφ
547 1008 722 1078 ίσοτελεϊ’
704 1028 862 1098 υποσχεῐν
883 1011 1005 1094 αὐτοὺς

60 1109 188 1196 δίκην”
166 1134 249 1178 ανευ
266 1114 502 1193 παραγραφῆς,
518 1107 630 1200 ἐπειδὴ
647 1107 683 1176 δδ
699 1116 746 1201 εἰς
762 1109 799 1178 τὸ
820 1109 1007 1197 Ἀθηναίων

61 1208 274 1296 δικαστήριον
295 1205 530 1292 εἰσερχόμεθα,
562 1205 670 1293 μηκέτ’
695 1208 916 1294 εἰσαγώγιμον
944 1209 1034 1294 τὴν·

16 1327 50 1379 45
61 1314 157 1394 δίκην
181 1305 275 1374 εἶναι
312 1307 523 1392 ἐνθυμοῦμαι
540 1302 572 1372 δ’
596 1311 698 1392 ἔγωγε
724 1313 759 1374 τί
781 1304 826 1374 ἀν
855 1333 934 1375 ποτε
961 1314 1006 1388 εἰς

58 1406 119 1493 τὴν
130 1402 355 1490 παραγραφὴν
371 1409 532 1489 ἔγραψεν,
551 1401 613 1470 εδ
597 1430 615 1470 ο
628 1401 826 1483 Θεόδοτος’
806 1409 939 1491 απέγνυ
950 1413 1007 1492 τῆς

58 1501 204 1591 δίκης,“
184 1526 270 1579 οπου
286 1509 352 1569 νῦν
367 1501 508 1586 γνόντος
524 1525 585 1568 του
572 1500 801 1570 Θεοδότου’
782 1502 1008 1600 απιέναιῂμάς

59 1610 151 1682 εἰςτο
140 1600 381 1723 δικαστήριοη
396 1599 438 1667 06
453 1608 535 1685 φησι
550 1597 612 1685 τὴν
628 1604 727 1688 δίκην
738 1602 821 1672 εἶναι
832 1603 1008 1688 εἰσαγάγι-
1081 1642 1086 1649 »

59 1729 123 1797 μου
135 1726 201 1786 παρ
201 1698 307 1786 ’δμῖυ,
315 1695 398 1785 πρός
410 1695 469 1776 οὓς
478 1701 601 1777 ἐκεῖνος
611 1703 696 1823 ἕγνφ
709 1701 845 1770 ἀπιέναι
864 1703 1007 1787 πάθοιμι

59 1796 181 1887 με’ντάν
198 1799 238 1866 τά
257 1798 445 1884 δεινότατα,
467 1803 497 1865 εἰ
512 1823 543 1866 οι
536 1801 679 1884 Ημὲν
637 1826 737 1885 νομοι
761 1808 829 1868 τῶν
848 1797 1007 1886 Ἀθήνησι
1117 1827 1122 1833 ·

59 1903 271 1986 συμβολαίων
281 1893 501 1963 κελεύουσι
465 1923 524 1977 τας
541 1898 679 1977 δίκας
649 1925 733 1966 ειναι
750 1897 833 1983 πρὸς
849 1897 928 1977 τούς
944 1909 1007 1967 θε-

58 1990 352 2083 σμοθέτας,ὐμεις
364 1989 396 2060 δ
415 1991 613 2081 ἀπογνοίητε
624 2003 682 2091 τῆς
693 2001 784 2081 δίκης
795 1993 1018 2082 ὀμωμοκότες.

58 2094 140 2164 κατά
152 2093 230 2173 τοὺς
240 2095 365 2180 νόμους
376 2103 582 2180 ψηφιεῖσθαι.

16 2211 50 2266 46
145 2201 215 2261 Τοῦ
225 2192 287 2279 μὲν
298 2186 361 2261 οὖν
372 2198 519 2261 δανεῖσαι
529 2191 614 2280 ἡμᾶς
623 2191 664 2262 τά
673 2194 822 2280 χρήματα
833 2198 869 2261 αἵ
877 2220 911 2262 τε
923 2214 1006 2261 συν-

61 2301 165 2378 θῆκαι
182 2295 237 2360 καὶ
255 2283 465 2371 αὕτόςοῦτός
476 2295 544 2359 ἐστι
554 2291 679 2380 μάρτυς
686 2320 698 2353 ·.
716 2299 778 2359 τοῦ
789 2289 821 2359 δ’
835 2289 1007 2377 ἀποδεδα-

61 2393 153 2459 κε’ναι
164 2388 273 2470 οὐδείς
284 2393 353 2458 ἐστι
362 2389 488 2477 μάρτυς
499 2394 559 2471 ἔξω
575 2399 638 2458 τοῦ
647 2391 818 2478 Λάμπιδος
829 2398 891 2458 τοῦ
901 2411 1012 2458 σανα-Α
1049 2418 1053 2429 “
1087 2404 1090 2409 ’

60 2496 240 2568 δινοῦντος.
270 2490 325 2557 καλ
342 2480 440 2567 οὗτος
457 2487 518 2574 μὲν
535 2494 581 2567 εἰς
593 2492 719 2557 ἐκεῖνον
729 2489 836 2574 μόνον
849 2484 1007 2574 ἀναφέρει

58 2589 121 2677 την
131 2587 304 2709 ἀπόδοσιν,
317 2588 380 2674 ἕγοδ
392 2585 425 2656 δ’
433 2599 479 2667 εἷς
489 2613 524 2656 τε
534 2586 736 2675 τδνΛάμπιν
746 2583 852 2655 αὐτόν
861 2585 1007 2666 καὶτοὺς
1088 2644 1092 2658 .

58 2689 266 2767 ἀκούσαντας
282 2687 388 2756 αὐτοῦ
402 2685 455 2758 ότι
472 2685 536 2757 οὐκ
553 2693 617 2774 ἔφη
635 2681 902 2771 ἀπειληφέναι
868 2710 905 2753 το
924 2710 1007 2772 χρυ-

58 2795 140 2856 σλ.ου
163 2785 268 2877 τοάτφ
281 2778 396 2874 μὲν
353 2812 418 2854 ουν
434 2784 514 2866 τούς
530 2783 630 2893 ἐμοδς
639 2786 825 2906 μάρτυρας
819 2789 921 2865 ἔξεστι
933 2791 1006 2868 κρί-

57 2911 146 2966 νειν,
169 2854 258 2970 666
276 2905 358 3002 φησι
376 2882 508 2971 τάληθῆ
525 2885 704 3004 μαρτυρεῖν
721 2881 857 2960 αὐτούς·
885 2877 950 2976 ἐγώ
972 2879 1004 2946 δ’

58 2979 121 3050 οάκ
134 2985 195 3067 ἔχω
208 2987 242 3048 τί
251 2980 422 3067 χρήσωμαι
431 2996 500 3060 τοῖς
516 2981 638 3049 τούτου
652 2981 833 3067 μάρτυσιν,
854 2981 888 3044 οἳ
903 2995 1007 3062 φασιν
1015 2995 1066 3050 921

58 3077 224 3149 εἰδέναι
189 3104 249 3146 τον
259 3078 636 3198 Λάμπιυμαρτυροῦντα
647 3076 864 3163 ἀπειληφέναι
874 3075 912 3143 τό
924 3102 1007 3164 χρυ

57 3185 140 3247 σίου.
164 3183 195 3246 εἰ
202 3176 317 3263 μὲν
277 3203 341 3263 γαρ
353 3203 373 3262 η
363 3173 578 3264 ‘666666666
592 3195 654 3243 τον
640 3174 834 3260 ’Λάμπιδος
844 3176 1006 3262 κατεβάλ-

56 3272 131 3346 λε’το
143 3271 287 3362 ἐνταῦθ’,
300 3271 411 3355 ἴσως
389 3301 433 3343 αν
444 3265 627 3362 ἔφασαν
584 3300 677 3343 ουτοι
690 3273 819 3342 δίκαιον
826 3272 915 3343 εἶναι
935 3279 1006 3342 em-

56 3375 265 3461 σκήπτεσθαλ
270 3401 294 3460 μ
250 3371 440 3477 λ’ἐκείνφ
452 3372 559 3442 νῦνδ’
569 3399 644 3442 ουτε
655 3399 718 3461 την
727 3381 914 3460 μαρτυρίαν
922 3400 1006 3441 ταυ

54 3498 117 3560 την
127 3477 206 3559 ἔχω,
227 3469 345 3540 οὑτοσί
356 3499 393 3542 τε
400 3439 512 3544 οδεται
529 3463 601 3542 δεῖν
617 3469 772 3576 ἀθφοςῖ
741 3499 756 3542 ε
769 3498 826 3540 ναι
834 3473 914 3542 ουδ
915 3497 936 3540 ν
947 3475 1047 3560 66-

100 3569 234 3627 Βοιαοεελι
256 3568 313 3628 Vol.
326 3570 376 3630 ΙΙ.
818 3570 853 3626 26
