2318 3894
178 251 321 316 ΚΑΤΑ
342 244 887 315 ΑΡΙΣΤΟΓΕΙΤΟΝΟΣΑ.
940 252 1001 319 277

56 440 128 500 μοις
139 417 315 480 διοικεῖται.
347 406 554 495 τούτωνδ’ή
571 408 633 495 μὲν
644 410 745 495 φύσις
763 411 1005 483 δστλνάταιιτον

54 513 110 580 καὶ
123 508 303 595 άνύμαλον
314 505 575 592 καλκατ’.άνδρα
586 513 745 577 ίδιοντού
756 515 904 598 ἔχοντος,
927 516 961 580 ολ
970 512 1006 581 δὲ
1023 550 1027 563 ·
1088 509 1090 513 ’

54 609 154 694 νόμοι
165 604 282 675 ιιοινόυ
302 607 357 674 καλ
372 607 643 692 τεταγμένονααδ
659 605 761 676 ταύτό
773 617 883 678 τάσιν.
912 607 1006 699 ἡμὲν

55 700 119 775 σύν
131 705 248 792 φύσις,
272 699 316 773 άν
332 698 355 793 ᾖ
370 703 516 791 πονηρά,
540 705 699 784 τ’ωλλάιιις
709 714 823 792 φαῦλα
832 709 1004 796 βούλεται·
1047 746 1051 756 ·

14 807 172 888 16διόπερ
189 799 270 880 τούς
285 801 458 880 τοιούτους
473 803 757 890 ἐξαμαρτάνοντας
774 803 940 893 εὑρήσετε.
973 811 1008 875 οί

56 906 92 972 δὲ
113 902 215 988 νόμοι
234 899 272 969 τὸ
296 905 428 968 δίκαιον
448 899 504 968 ιἰαλ
525 900 563 968 τὸ
585 897 693 968 καλόν
712 905 768 969 καί
783 901 820 971 τό
831 907 1005 991 συμφέρον

10 1054 12 1059 -
55 1000 245 1090 βούλονται,
268 1002 444 1067 καὶτοῦτο
466 1003 615 1084 ζητοῦσι,
636 1000 693 1066 καὶ
706 999 847 1068 ,ἐπειδάν
869 1000 1003 1091 εὑρεθῇ,

57 1095 174 1166 κοινόν
184 1104 283 1165 τοῦτο
305 1095 499 1181 πρόσταγμα
516 1092 712 1182 ἀπεδείχθη,
734 1107 836 1166 πᾶσιν
855 1109 930 1169 ἴσον
950 1106 1005 1168 καλ

58 1193 190 1279 ὅμοιον,
207 1195 263 1261 καὶ
281 1191 375 1260 τοῦτ’
399 1198 468 1260 ἔστι
480 1193 607 1279 νόμος,
630 1184 658 1283 ᾦ
679 1193 805 1273 πάντας
826 1202 1007 1266 πείθεσθαι

58 1291 219 1378 προσήκει
236 1288 290 1357 διά
307 1287 429 1375 πολλά,
455 1293 511 1359 καὶ
526 1287 658 1377 μάλισθ’
672 1287 723 1357 ότι
740 1299 804 1371 πάς
822 1296 893 1361 ἐστι·
905 1295 1007 1382 νόμος
1053 1293 1060 1307 ’

57 1389 187 1476 εὕρημα
206 1387 268 1474 μὲν
289 1389 344 1456 καὶ
366 1393 478 1472 δῶρον
505 1395 609 1473 θεῶν,
632 1387 738 1472 δόγμα
759 1385 792 1456 δ’
805 1387 1007 1473 ’ἀνθρώπων

57 1492 249 1575 φρονίμων,
271 1485 498 1571 ἐπανόρθωμα
516 1488 554 1553 δὲ
568 1493 638 1554 τεόν
652 1487 814 1555 ἑκουσίων
828 1490 883 1557 ταί
903 1487 1007 1558 άιιου-
1023 1562 1032 1583 Ι

56 1591 139 1653 σίων
155 1581 413 1670 ἁμαρτημάτων,
434 1583 563 1663 πόλεως
580 1582 617 1652 δὲ
633 1584 789 1673 συνθήκη
805 1583 914 1675 κοινή,
930 1590 1006 1657 καθ’
1031 1604 1036 1652 j
1107 1620 1108 1623 ¹

14 1681 98 1771 17ήν
109 1690 190 1751 πᾶσι
200 1681 362 1769 προσήκει
372 1688 432 1769 ζῆν
441 1696 511 1762 τοῖς
520 1686 557 1752 ἐν
572 1689 615 1769 τῇ
631 1681 736 1752 πόλει.
772 1681 857 1753 άλλά
870 1685 938 1772 μὴν
954 1684 1005 1755 ὅτι

55 1791 121 1850 νῦν
129 1781 374 1867 Ἀριστογείτων
383 1795 450 1860 τοῖς
460 1783 522 1869 μὲν
531 1785 761 1868 τῆςένδείξεως
772 1787 909 1864 δικαίοις
919 1783 1007 1854 άπα-

57 1901 111 1948 σιν
140 1877 283 1965 ἥλωκεν,
302 1880 413 1966 ἕτερος
424 1878 455 1948 δ’
469 1878 578 1958 οὐδεὶς
593 1877 937 1973 ἒστινάνειιτὸςαύτῷ
948 1885 1006 1953 λό-
1091 1966 1096 1971 ,

56 2003 131 2064 γος,
154 1978 374 2062 περὶτούτων
390 1977 508 2068 βράδιον
523 1977 660 2058 διδάξαι.
694 1983 790 2048 δυοῖν
806 1978 872 2064 γάρ
883 1980 1005 2068 ὄντοιν,

57 2068 85 2143 τό
94 2073 408 2162 άνδρεςἏθηναῖοι,
433 2069 482 2144 άν
498 2077 596 2144 ἕνεκα
613 2077 734 2156 πάντες
746 2083 895 2145 τίθενται
904 2083 939 2146 οί
946 2081 1007 2147 νό-

56 2201 122 2260 μοι,
133 2181 194 2241 τοῦ
206 2199 241 2241 τε
252 2177 379 2259 μηδένα
390 2175 494 2259 μηδὲν
504 2172 524 2242 ὃ
534 2175 578 2260 μὴ
590 2174 721 2243 δίκαιόν
732 2177 799 2242 ἐστι
812 2189 934 2261 ποιεῖν,
951 2177 1008 2244 καὶ

56 2279 119 2340 τοῦ
135 2273 215 2348 τούς
231 2278 497 2356 παραβαίνοντας
512 2278 617 2337 ταῦτα
633 2273 874 2355 κολαζομένους
888 2278 1008 2364 βελτί-

58 2395 118 2446 ους
128 2366 207 2446 τούς
218 2366 341 2446 άλλους
351 2380 469 2453 ποιείν,
477 2365 676 2454 άμφοτέροις
685 2368 815 2447 τούτοις
824 2360 923 2449 ούτος
931 2374 1008 2437 ἔνο-

57 2494 115 2554 χος
133 2462 183 2535 τόν
199 2467 393 2553 φανήσεται.
424 2469 477 2535 ἐπὶ
492 2463 635 2553 μὲνγάρ
653 2461 702 2546 οἷς
717 2469 751 2547 ἐξ
768 2464 870 2554 ἀρχῆς
880 2473 1006 2555 παρέβη

57 2564 138 2644 τούς
154 2565 296 2651 νόμους,
319 2564 359 2657 τά
376 2562 545 2651 ὀφλήματ’
557 2564 647 2657 αύτῷ
662 2569 817 2650 γέγονεν·
838 2567 890 2635 ἐπὶ
906 2563 939 2635 δ’
958 2563 1007 2646 οἷς
1017 2578 1068 2636 775

58 2663 121 2734 οὐκ
132 2667 262 2752 ἐμμένει
272 2664 412 2752 τούτοις,
432 2672 498 2733 νῦν
507 2667 560 2734 ἐπὶ
570 2664 632 2751 τήν
642 2661 716 2750 παρ’
728 2663 824 2750 ὑμῶν
835 2664 948 2750 άγεται
957 2691 1009 2734 τι-

59 2770 214 2849 μωρίαν,
226 2761 309 2831 ὥστε
326 2768 491 2850 μηδεμίαν
507 2771 768 2847 καταλείπεσθαι,
781 2763 951 2850 πρόφασιν
966 2762 1006 2832 δι’

17 2857 103 2946 ιςήν
115 2860 157 2927 άν
168 2887 215 2939 τις
225 2859 330 2930 αὐτόν
341 2861 447 2949 άφείη.
472 2859 551 2930 ούδὲ
559 2860 623 2946 γάρ
635 2854 681 2929 αύ
690 2859 781 2931 τοῦτ’
790 2868 881 2930 ἔστιν
891 2869 1006 2949 εἰπεῖν,

61 2955 106 3038 ὥς
122 2956 172 3042 ἄρ’
186 2961 221 3026 ἐκ
239 2960 367 3027 τούτων
383 2951 483 3028 όύδὲν
498 2958 626 3049 ἡπόλις
636 2960 822 3047 βλάπτεται.
856 2959 920 3045 ἐγώ
930 2960 1006 3045 γάρ,

58 3055 111 3125 ὅτι
121 3055 182 3142 μὲν
194 3054 294 3123 πάντ’
306 3053 489 3125 άπόλλυται
497 3056 538 3126 τά
550 3065 608 3144 τῆς
618 3058 746 3135 πόλεως
763 3055 954 3143 ὀφλήματα,
978 3061 1010 3125 εί

58 3152 98 3222 τά
110 3152 233 3223 τούτου
248 3149 435 3240 σοφίσματα
446 3159 679 3241 προσδέξεσθε,
691 3157 746 3223 καὶ
757 3153 823 3241 ότι,
837 3160 866 3223 εί
876 3153 946 3240 ,άροι
957 3160 1010 3224 δεῖ

58 3249 150 3332 τινάς
161 3256 198 3320 ἐκ
208 3261 277 3320 τῶν
287 3250 493 3338 ὀφειλόντων
498 3252 645 3340 -άφιέύαι,
658 3249 737 3332 τούς
746 3253 1007 3332 ἐπιεικεστάτους

59 3354 114 3443 ηαδ
123 3356 314 3438 βελτίστους
330 3352 386 3418 καὶ
401 3350 479 3431 τούς
489 3354 542 3421 ἐπὶ
552 3348 747 3439 τοίςήκιστα
760 3356 880 3430 δεινοῖς
891 3349 1005 3436 ύφλη-

59 3449 166 3537 αότας,
178 3449 318 3529 τούτους
328 3447 538 3537 άφιίναιδετ,
556 3447 699 3536 ούχίτόν
712 3430 941 3534 πιῇηρότατον
950 3447 1009 3514 καλ
