2318 3894
302 249 444 312 ΠΡΟΣ
471 245 807 309 ΛΕΠΤΙΝΗΝΆ
991 241 1012 306 5
1130 237 1134 244 ’

60 414 124 500 γάρ
135 408 394 498 είρηταιτρόπον
404 432 478 475 τινα
466 403 578 474 ἐκαὶ
560 402 618 490 υφ’
629 401 725 490 ὑμῶν
741 413 819 482 ίσως
829 402 1011 489 γιγνόσιιε-

60 538 127 579 ται·
149 508 220 578 ἀλλ’
232 502 359 576 ἐκείν”“
337 533 381 574 αν
390 508 462 593 ἐρο
460 531 526 623 μην
537 501 642 589 ἡδέως
653 499 768 587 αὐτόν,
780 506 869 577 τινος
879 525 973 585 ενεκ
980 506 1011 568 εἰ

59 635 99 676 τα
87 607 252 695 ’μάλιστα
270 629 314 691 μη
302 603 433 687 ’τινλς,
455 599 539 670 άλλά
555 599 676 679 πάντες
689 592 930 686 ησανάνάξιοι,
941 624 1009 665 των

59 703 174 773 αὐτῶν
190 698 364 816 ῄξίωσεν“
346 708 434 786 υμάς
450 725 485 767 τε
501 700 557 766 καὶ
572 699 720 777 τούτους.
754 701 791 766 ἐν
806 693 921 784 μὲν.ἱ
874 721 946 782 γαρ
963 700 1020 780 τῷ,

59 793 185 878 γράψαι
193 789 328 878 “'6662‘6
336 789 421 858 εἶναι
430 787 551 876 ατελη
560 788 983 876 τονςέχονταςαφείλετο
947 816 1009 875 την

60 887 222 972 άτέλειαν,
235 890 367 977 ἐνόὲτμ
354 889 586 1007 προσγράψαι
593 887 743 975 ’μηδὲ
710 915 747 956 το
759 887 879 957 λοιπόν
888 891 1009 969 ἐξεῖναι

54 981 249 1054 “6066’‘
230 992 362 1071 υμᾶςτο
353 984 495 1053 δοῦναι
508 984 601 1072 [ὑμῖν
612 988 754 1107 ἐξείνμι].
774 981 889 1103 οὐγὰρ
902 984 1010 1061 ίκείνό

59 1112 79 1170 γ
75 1083 228 1153 ’ἔνεστιν
247 1080 413 1168 είπείν,’
390 1109 433 1162 ως
444 1079 505 1150 τόν
521 1080 626 1161 αὐτόν
642 1085 783 1170 τρόπον,
809 1082 913 1169 όνπερ
931 1081 1010 1203 6069

60 1179 238 1268 ἔχοντας’
203 1208 265 1267 την
276 1176 406 1264 δωρεάν
416 1177 570 1260 ἀναξίους
585 1179 815 1267 ἑνόμιζεν,”
772 1207 860 1250 ουτω
877 1178 984 1250 662⁸
949 1206 1009 1248 τον

61 1275 433 1366 ὅημονᾶνάξιονηγείτο
444 1279 564 1363 κύριον
575 1277 728 1346 εἶναιτου
715 1283 909 1398 σοῦναι,’
892 1279 1008 1367 εάντω
1071 1279 1079 1295 ’

40 1377 228 1462 σβυόληται.
242 1372 324 1443 ἀλλὰ
335 1402 377 1461 νη
367 1373 447 1442 Δί’
456 1370 580 1441 ἐκείν’”
559 1402 603 1442 αν
614 1385 692 1455 ίσως
703 1386 789 1444 είποι
799 1400 883 1461 προς
894 1383 1007 1462 ταῦτα,

61 1473 110 1542 ότι
125 1472 181 1540 διαὶ
199 1499 237 1541 το
227 1470 370 1562 ῥᾳδίως
386 1461 662 1551 ἐξαπατᾶσθαι
627 1496 688 1540 τον
705 1478 827 1560 δῆμον,
850 1470 1006 1594 6666066’
1015 1488 1068 1542 458

61 1569 165 1650 οὕτως
177 1567 324 1655 ἔθηκε
289 1596 350 1637 τον
362 1569 475 1655 νόμον.
506 1563 593 1637 τίς
551 1596 614 1638 ουν
625 1571 745 1639 κωλύει
756 1571 864 1640 πάντα
874 1568 1008 1691 ἀφῃρη-

61 1678 141 1736 σθαι
152 1666 238 1736 καὶ
217 1676 302 1745 ολως
313 1694 374 1753 την
384 1665 578 1735 πολιτείαν
560 1695 646 1755 υμας
657 1696 739 1737 κατα
749 1695 870 1737 τουτον
880 1695 940 1736 τον
950 1667 1009 1736 λο-

62 1793 136 1852 γον;
158 1764 283 1851 οὐγὰρ
301 1772 390 1834 ἔστιν
408 1764 457 1851 ἐφ’
471 1764 552 1834 ότου
569 1774 667 1836 τοῦτο
686 1765 728 1836 06
738 1767 929 1835 πεπόνθατε
940 1773 1008 1833 τῶν

63 1866 207 1949 πάντων,
219 1861 303 1933 άλλά
314 1865 369 1932 καί
379 1871 572 1951 ψηφίσματα
589 1864 695 1934 πολλὰ
712 1864 870 1943 πολλάκις
886 1867 1008 1944 ἐξαπα-

64 1964 216 2048 τηθέντες
233 1961 535 2049 κεχειροτονήκατε,
555 1965 610 2031 καλ
626 1963 818 2050 συμμάχους
836 1960 899 2048 666
916 1959 1008 2040 τινὰς

64 2057 179 2144 ἥττους
190 2057 264 2128 άντλ
274 2059 474 2143 κρειττόνων
491 2063 663 2148 ἐπείσθητε
680 2062 832 2144 ἑλέσθαι,
851 2061 906 2127 καὶ
917 2058 1010 2137 ’ὅλως

66 2155 336 2242 ἓνοίμαιπολλυίς
347 2152 394 2235 οἷς
405 2158 560 2241 πράττετε
571 2161 625 2227 καὶ
635 2158 766 2228 τοιοῦτό
772 2185 803 2227 τι
813 2164 1009 2245 συμβαίνειν

47 2250 197 2340 λᾶνάγκη.
231 2247 279 2339 ἆρ’
294 2247 358 2329 οὖν
373 2255 551 2340 θησόμεθα
566 2255 673 2339 νόμον
689 2254 742 2323 διὰ
758 2261 862 2335 ταῦτα
879 2253 960 2338 μηδὲ
971 2252 1007 2320 τὸ

68 2349 239 2430 λοιπὸνέξ
222 2354 324 2430 ξεῖναι
348 2357 389 2438 66
415 2356 524 2437 βουλῇ
544 2349 627 2435 μηδὲ
654 2358 701 2416 τοῐ
728 2348 822 2439 (λη’μω
834 2349 1009 2436 μήτεπρο·

67 2447 236 2568 βουλεύειν
250 2446 331 2566 μήτε
350 2461 550 2532 χειροτονεῖν
560 2451 678 2533 μηδόνς
711 2445 775 2533 ἐγώ
795 2444 915 2533 μὲν’
875 2473 937 2516 ουκ
957 2447 1009 2515 06-

67 2570 132 2628 μαι·
159 2541 203 2612 66
218 2544 283 2630 γάρ
306 2539 405 2630 ἐσμεν
421 2543 706 2635 άφαιρεθηνὰιί
670 2551 791 2614 δίκαιοι
806 2537 926 2634 περὶ
898 2573 947 2616 ων
964 2542 1008 2615 άν

67 2646 328 2729 ἐξαπατηθῶμεν,
339 2640 423 2711 ἀλλὰ
431 2647 632 2767 διδαχθηναι
642 2668 712 2724 πως
727 2653 826 2713 τοῦτο
837 2643 881 2731 μη
894 2642 1008 2712 πεισό-

67 2753 164 2826 μεθα,
187 2744 243 2810 καὶ
256 2744 382 2809 θέσθαι
399 2740 506 2828 νόμον
523 2741 583 2827 066
603 2740 639 2822 ὃς
656 2741 875 2831 ἀφαιρήσεται
891 2741 928 2811 τό
944 2769 1007 2810 uv-

67 2847 151 2920 ρίους
159 2837 248 2927 ἡμᾶς
258 2839 358 2927 εἶναι,
370 2838 453 2909 άλλοὶ
465 2838 503 2908 66
516 2833 561 2909 06
572 2839 632 2909 τόν
642 2845 853 2922 ἐξαπατῶντα
862 2852 1008 2928 τιμωρη-

67 2937 198 3025 σόμεθα.

49 3071 61 3120 6
140 3043 184 3106 Εί
199 3042 316 3105 τοίνυν
331 3050 380 3115 τίς
390 3037 487 3118 ἐάσας
502 3046 606 3106 ταῦτα
622 3035 703 3107 αὐτό
714 3035 790 3105 καθ’
803 3035 884 3109 αὑτό
897 3037 1008 3118 ἐξετά-

67 3151 142 3218 σειε,
163 3135 310 3222 πότερόν
326 3159 405 3203 ποτε
421 3135 688 3223 λυσιτελέστερόν
709 3133 777 3204 ’ἐστι
793 3144 929 3221 κυρίους
946 3136 1008 3221 μὲν

65 3229 142 3317 ὑμᾶς
152 3233 238 3301 εἶναι
249 3242 308 3321 τῆς
319 3238 461 3321 δωρεάς,
480 3238 741 3320 ἐξαπατηθέντας
752 3237 791 3302 δέ
804 3261 835 3302 τι
851 3235 906 3302 καὶ
917 3231 1008 3318 φαά-

65 3333 178 3418 λμτινλ
190 3336 328 3418 δοῦναι,
348 3328 436 3418 ἢόιιλ
447 3332 484 3400 τό
502 3339 671 3420 παντελεῖς
688 3329 835 3417 άκύρονς
849 3334 1007 3417 γενέσθαι

64 3427 131 3518 666⁸
143 3425 191 3496 α”ν
202 3427 300 3509 ἄξιόν
311 3455 386 3498 τινα
403 3434 637 3517 είδῆτείξείναι
654 3437 805 3516 τιμῆσαι,
828 3422 952 3510 εὕροιτ’
965 3423 1008 3489 ἄν
