2318 3894
340 243 486 307 ΚΑΤΑ
517 244 761 313 MEIAIOY.
985 257 1027 319 99

74 397 217 486 ω’φελεί·
237 400 303 470 ἅδ’
314 405 807 497 ἐπαιρόμενοςτούτοιςύβρίςει,
822 415 1027 494 ἐπίπολλούς

74 501 132 567 καὶ
145 498 225 578 τούς
238 502 397 624 τυχόντας
406 501 503 590 ἡμων
520 502 778 592 ἀφικνούμενα
764 534 841 594 ορω
871 537 913 579 ου
901 509 1023 600 ’δείδη

73 596 114 666 τό
125 607 264 667 τοιαῦτα
275 600 857 691 ἐκόστοτετιμᾶνούδέθαυμόζειυ
840 616 941 695 υμᾶς,
965 611 1024 678 ού-

75 693 161 764 δέ
122 721 188 782 την
197 705 388 783 φιλοτιμίαν
405 702 441 767 ἐκ
456 701 585 768 τούτων
595 708 736 788 κρίνειν,
761 714 849 784 είτις
859 713 1025 795 οίκοδομελ

27 815 37 826 ·
74 796 268 883 λαμπρῶςῆ
278 805 484 881 θεραπαίνας
494 802 646 886 κέκτηται
657 798 810 889 πολλαςη
821 806 935 892 σκεύη,
952 804 1020 875 ἀλλ’

73 889 111 972 δς
124 889 169 961 όν
180 896 219 962 ἐν
230 895 360 974 τούτοις
376 897 526 982 λαμπρὸς
541 901 596 965 καὶ
588 893 840 1018 φιλότιμοςῇ
857 894 904 971 όν
920 902 1023 973 ἅπασι

21 997 23 1005 ’
74 1014 204 1078 μέτεστι
213 1008 282 1072 τοῖς
291 993 455 1074 πολλοῖς
435 1002 549 1079 υμῶν·
574 988 732 1067 ύνούδέυ
748 996 903 1086 ευρησετε
913 1027 1020 1090 τουτφ

74 1091 255 1178 προσόν..

21 1210 66 1265 [fio
155 1187 253 1264 Ἀλλὰ
265 1217 307 1276 νη
297 1189 385 1258 Δία
396 1193 512 1279 τριήρη
524 1198 705 1262 ἐπέδωκεν·
738 1197 863 1282 ταύτην
879 1197 944 1282 γὰρ
956 1197 1019 1266 οἷδ’

72 1287 315 1376 ὅτιδρυλήσει,
336 1293 391 1357 καὶ
409 1289 602 1376 φησει“ἐγώ
619 1290 700 1377 ὑμῖν
716 1294 833 1379 τριήρη
845 1293 1021 1363 ἐπέδωκα.”

71 1383 195 1455 οὑτωσὶ
207 1387 246 1472 δὴ
259 1389 423 1474 ποιήσατε.
449 1395 480 1456 εί
486 1389 556 1476 μὲν,
570 1382 726 1474 ύόίνδρες
734 1387 911 1476 Ἀθηναῖοι,
924 1400 1021 1476 φιλο-

69 1491 180 1571 τιμίας
189 1485 287 1554 ἕνεκα
297 1487 423 1574 ταύτην
435 1491 615 1574 ἐπέδωκεν,
638 1484 680 1574 ἣν
696 1488 855 1576 προσήκει
871 1498 940 1557 τόν
951 1517 1020 1557 τοι-

70 1582 184 1650 ούτων
199 1588 286 1668 ἔχειν
299 1586 414 1672 χάριν,
436 1587 560 1672 ταύτην
580 1592 666 1672 ἔχετε
685 1586 778 1676 αὐτῷ
794 1591 849 1655 καί
865 1587 1018 1675 ἀπόδοτε,

69 1679 218 1769 ὑβρίζειν
237 1685 276 1777 ,δὲ
296 1682 341 1770 μη
356 1688 454 1752 δεῖτε·
485 1682 625 1764 οὐδενὸς
645 1687 709 1770 γ’ἆρ
732 1686 922 1772 πράγματος
942 1687 1016 1756 οὐδ’

69 1785 174 1865 ἔργον
194 1786 293 1848 τοῦτο
317 1785 555 1868 συγχωρητέον.
590 1788 621 1850 εί
608 1780 731 1868 ίδέδὴ
754 1785 808 1850 καὶ
826 1789 946 1864 δειλίας
963 1789 1019 1853 καὶ

70 1877 282 1965 ἀνανδρίας“
263 1882 575 1968 ευεκαδειχθήσεται
584 1887 682 1948 τοῦτο
694 1881 888 1967 πεποιηκός,
896 1880 940 1968 μή
953 1909 1018 1949 πα-

70 1987 315 2067 ρακρουσθῆτε.
338 2004 408 2058 πως
419 1974 483 2046 ούυ
494 1989 641 2056 είσεσδει
662 1977 725 2063 ἐγώ
742 1982 796 2045 καὶ
813 1987 910 2046 τούτο
924 1982 1018 2047 διδό-

21 2080 86 2158 ιόιξ
69 2080 124 2158 ξω
156 2080 360 2163 ἐγένοντο
329 2105 344 2146 ε
358 2078 540 2164 ςΕόβοιαυ
557 2072 719 2153 ἐπιδόσεις
735 2074 808 2160 παρ’
828 2074 907 2161 ύμίυ
926 2086 1018 2163 προό-

67 2200 140 2244 ται·
162 2200 292 2244 τουτων
302 2203 365 2244 ουκ
376 2203 419 2262 ην
430 2181 587 2258 Μειδίας,
609 2171 677 2240 ἀλλ’
691 2171 771 2256 ἐγω,
794 2176 849 2241 καὶ
859 2177 1018 2259 συντριη

70 2298 194 2361 ραρχος
203 2301 248 2360 ην
259 2301 315 2361 μοι
325 2282 459 2352 Φιλιυος
477 2271 745 2354 ὁΝικοστρότου.
780 2271 887 2354 ἕτεραι
905 2272 1018 2338 δεύτε-

70 2394 127 2455 ραι
143 2370 226 2458 μετᾶ
243 2380 347 2440 ταῦτα
365 2377 410 2450 εἰς
423 2371 611 2438 Ὄλυνθον·
625 2365 712 2435 ὀύδέ
729 2367 860 2435 τούτων
875 2361 919 2453 ἦν
929 2375 1019 2434 Μει-
1072 2367 1091 2450 j

69 2472 150 2546 δίας.
180 2474 287 2536 καίτοι
303 2469 364 2538 τόν
375 2495 413 2554 γε
431 2468 471 2555 δη
485 2467 841 2555 φιλύτιμουπανταχού
851 2475 1018 2552 προσῆκεν
1086 2466 1089 2473 ’

68 2566 286 2647 ἐξετάζεσθαι.
318 2574 424 2652 τρίται
437 2576 504 2636 νύν
519 2559 618 2634 αύται
633 2565 813 2669 γεγόνασιν
833 2566 1014 2645 ἐπιδόσεις·

66 2667 218 2732 ἐνταῦθα
228 2665 391 2733 ἐπέδωκε.
403 2673 489 2746 πῶς,
512 2669 597 2753 υτη
582 2671 713 2752 βουλη
724 2667 930 2750 γιγνομένων
939 2668 1003 2732 ἐπι

21 2767 60 2823 16²
68 2761 198 2830 δοσεων
209 2761 333 2846 παρόν
330 2762 400 2832 ούκ
416 2768 569 2833 ἐπεδίδου
581 2765 670 2832 τότε
701 2762 811 2850 ἐπειδη
829 2765 865 2832 δέ
881 2773 1017 2848 πολιορ·
1025 2785 1077 2842 567

67 2868 204 2928 κεῖσθαι
223 2861 303 2938 τούς
325 2863 362 2929 έν
385 2863 557 2948 Ταμύναις
578 2855 775 2945 στρατιώτας
797 2865 1015 2948 ἐξηγγέλλετο,
1044 2884 1059 2901 ‘

67 2960 123 3026 καὶ
141 2959 270 3037 πάντας
286 2962 404 3040 ἐξιέναι
419 2962 498 3039 τούς
513 2959 719 3038 ὑπολοίπους
741 2963 874 3045 ίππίας,
900 2951 949 3026 τόν
972 2957 1017 3039 εἷς

69 3048 168 3134 νότος
182 3048 244 3142 ἦν,
264 3054 561 3145 προεβούλευσευὴ
574 3052 697 3143 βουλὴ,
718 3062 898 3141 τηνικαῦτα
909 3063 1017 3143 φοβη-

65 3153 142 3232 θεὶς
151 3152 216 3239 τὴν
227 3162 402 3238 στρατείαν
411 3154 537 3241 ταύτην
548 3160 594 3233 είς
610 3152 671 3240 τὴν
688 3158 848 3223 ἐπιοῦσαν
864 3156 1016 3240 ἐκκλησί-

69 3274 121 3338 αν,
133 3251 215 3336 πρὶν
225 3253 280 3318 καὶ
292 3254 474 3337 προέδρους
485 3258 690 3335 καθίζεσθαι,
702 3249 882 3373 παρελθόν
891 3243 1015 3321 ἐπέδω-
1086 3310 1090 3317 .

68 3374 138 3423 κεν
169 3375 216 3440 τφ
204 3350 387 3435 ”δῆλον,”
360 3372 443 3421 ωστε
454 3349 530 3438 μηδ
545 3349 710 3419 ἀπειπεῖν
724 3347 984 3436 αύτδυέχειν,’
963 3376 1015 3417 οτι
1096 3365 1099 3373 “
1127 3412 1131 3419 .

70 3471 133 3533 την
143 3457 319 3534 στρατείαν
330 3450 478 3536 φεύγων,
489 3447 722 3536 ου’φιλοτιμία,
738 3446 1012 3625 τούτὲἐτοίησευ,
