2318 3894
141 233 205 298 ιιο
333 240 443 298 xxxv
464 199 884 311 Λυαονοιτυονε

185 399 270 505 δοόρφ
288 400 392 464 ἕνδεκα
407 393 636 501 μνάςάργυρίου
655 399 749 483 ἐπλτῇ
765 393 942 485 ἕμτιορίυ,“
919 424 960 480 ην
974 388 1093 504 ἦγενέν

184 510 220 572 τη
206 464 382 566 Ὑβλησίου
392 482 442 562 νηί
452 476 554 557 είςτόν
563 479 691 584 Πόντον,
708 482 759 544 καί
769 490 830 556 τοῖς
834 463 982 546 ἕκαθεν
964 509 1092 588 αντογο

184 575 336 650 ρασθεῖσι,
354 567 405 628 καί
421 591 462 669 μη
453 558 637 627 είδέναι’
600 558 691 628 αυτόν
702 567 923 669 δεδανεισμένον
933 562 1017 670 παρά
1025 563 1092 631 Ἀν-

159 647 368 757 δροκλέονς’
350 647 510 751 αργόριον
531 640 566 709 νό
576 641 636 732 γάρ
652 645 691 710 ἀν
702 643 887 712 δανείσαι’
850 644 938 726 αυτὸς
950 645 1092 715 Ἀπολλο-

184 734 269 822 διόρφ
280 758 312 796 το
300 727 487 815 ἀργόριον]

39 941 43 949 ·
96 913 132 967 24
223 900 268 964 Ac
278 895 342 982 μὲν
354 902 792 978 πανουργίαιτοιαῦταιτῶν
805 872 949 979 ἀνθρῶπ
1008 898 1091 966 τοό-

139 1022 207 1063 ταν
218 1002 308 1063 εἰσίν.
339 1000 521 1081 γέγραπται
539 995 575 1062 δὲ
585 991 667 1080 μετά
683 999 787 1062 ταῦτα
799 996 887 1082 ἔντη
897 1015 962 1080 συγ
984 1005 1088 1085 ραφῆ,

140 1121 164 1215 οι
146 1083 300 1181 ἀνδρες
317 1095 482 1180 δικασταί,
508 1093 641 1161 ίπειδάν
658 1089 848 1169 ἀποδῶνται
859 1095 895 1161 ἐν
906 1119 952 1185 τφ
939 1095 1089 1184 Πόντῳ

140 1185 1142 1280 αηγον,παλινανταγοραζεινχρηματακαλαντιφορτίζειν93ι

138 1289 222 1358 καῖ’
205 1291 346 1376 απάγειν
364 1288 509 1378 Ἀθήναζ
508 1317 523 1359 ε
540 1316 581 1357 τα
569 1287 908 1377 ἀντιφορτισθέντα,
932 1290 1090 1359 καίέπει-

138 1385 234 1457 δάν’
199 1395 280 1510 ,ίαφ
278 1415 402 1457 κωνται
414 1387 589 1476 Ἀθήναζε,
612 1388 799 1508 ἀποδοῦνμι
818 1387 970 1458 είκοσιν’
954 1400 1090 1477 ημερῶν

137 1484 174 1556 τό
187 1513 351 1572 αργνριον
360 1483 440 1574 ημῖν
450 1488 608 1574 δοκιμον
631 1478 774 1566 ἕαςδ”“
752 1513 797 1553 αν
812 1484 975 1575 ἀποδῶσι,
1004 1516 1091 1575 κρα-

93 1600 98 1610 ’
136 1599 205 1653 τειν
215 1612 283 1652 ταν
298 1611 475 1672 χρηματοιν
486 1583 645 1672 ημας,καλ
654 1582 811 1671 ανέπαφα
821 1611 924 1653 ταυτα
933 1590 1090 1673 παρεχειν

95 1683 292 1769 ῖστοότονς,
319 1685 382 1764 ἕως
402 1681 447 1751 ἀν
466 1683 696 1770 ἀπολάβωμεν.
732 1687 913 1771 γέγραπται
937 1684 1062 1771 μὲν
1021 1713 1088 1770 γαρ

135 1789 240 1850 ταῦτα
258 1780 380 1851 οὑτωσὶ
397 1780 542 1869 ἀκριβῶς
556 1785 594 1850 ἐν
609 1790 648 1871 τῇ
666 1791 860 1870 συγγραφῇ·
883 1774 978 1852 οὗτοι
990 1781 1036 1873 δ’,
1061 1777 1089 1853 ἀ

60 1894 64 1899 “
87 1904 98 1922 ¹
135 1877 254 1965 ἀνδρες
265 1882 424 1966 δικασταὶ,
437 1883 585 1949 ἐνταῦθα
594 1883 646 1949 καλ
656 1883 863 1962 ἐπεδειξαντο
872 1882 1014 1967 μάλιστα
1026 1873 1089 1969 την

86 2063 89 2068 .
135 1975 236 2064 ὕβριν
250 1980 305 2047 καὶ
319 1975 381 2065 τὴν
395 1977 567 2049 ἀναίδειαν
578 1978 641 2066 τὴν
652 1981 792 2066 ἑαυτῶν,
810 1981 866 2048 καί
876 1977 926 2049 ότι
938 1977 1019 2047 οὐδὲ
1030 2008 1087 2066 μι-

134 2074 217 2159 κρὸν
228 2092 408 2164 προσεῖχον
417 2093 485 2158 τοῖς
495 2077 664 2164 γράμμασι
671 2091 738 2154 τοῖς
747 2080 984 2164 γεγραμμένοις
996 2081 1034 2146 ἐν
1044 2085 1085 2166 τῇ

87 2194 91 2201 ·
135 2183 330 2263 συγγραφῇ,
355 2173 422 2244 ἀλλ’
437 2174 581 2263 ἡγοῦντο
600 2173 1085 2262 είναιτὴνσνγγραφήνάλλως

134 2272 245 2341 ὕθλον
255 2275 309 2341 καλ
321 2282 504 2361 φλυαρίαν..
524 2273 675 2359 οὔτεγὰρ
687 2269 920 2358 ἀντηγόρασαν
936 2271 1036 2342 οὐδὲν
1048 2277 1085 2342 ἐν

75 2422 78 2428 ·
133 2373 310 2464 τῶΠόντφ
323 2372 401 2441 οὔτε
412 2371 691 2460 ἀντεφορτίσαντο
704 2369 788 2438 ὥστε
801 2370 893 2457 ἀγειν
904 2369 1083 2458 Ἀθήναζε·

132 2467 224 2557 ἡμεῖς
241 2499 276 2540 τε
296 2477 331 2541 oc
347 2478 556 2551 δανείσαντες
572 2469 612 2539 τά
633 2471 781 2558 χρήματα
800 2467 953 2556 ἡκόντων
969 2466 1084 2538 αὐτῶν

131 2569 261 2636 τούτων
273 2573 308 2638 ἐκ
319 2597 380 2638 τον
368 2572 521 2657 Πόντον
530 2567 595 2638 οὐκ
608 2579 738 2656 εἴχομεν
750 2567 831 2636 όταν
843 2571 1084 2656 ἐπιλαβοίμεθα

133 2663 245 2733 οὐδ’”
224 2693 305 2735 στου
319 2684 510 2789 κρατοῖμεν,
519 2671 579 2749 ἕως
593 2673 814 2754 κομισαίμεθα
828 2693 867 2734 τα
855 2663 1004 2765 ημέτερ’
1018 2665 1083 2734 αό-

131 2772 214 2831 τῶν·
244 2763 355 2832 οὐδ”
340 2777 454 2835 οτιοῦν
470 2766 535 2853 γάρ
552 2767 729 2853 εἰσήγαγον
747 2761 842 2849 είς
808 2792 869 2832 τον
886 2760 1031 2850 λιμένα
1020 2762 1083 2832 τόν

88 2857 291 2949 γςὺμέτερον
303 2854 404 2931 οὗτοι.
428 2861 512 2932 ἀλλά
523 2865 741 2948 πεπόνθαμεν
755 2863 960 2949 καινότατον,
979 2855 1007 2930 ἀ
1018 2861 1082 2931 ἀν-

132 2964 207 3047 δρες
218 2966 384 3031 δικασταί
411 2965 447 3031 ἐν
467 2961 531 3048 γάρ
550 2989 589 3051 τη
612 2961 768 3050 πόλειτῇ
787 2959 929 3050 ημετὲρα
954 2961 1080 3049 αὐτῶν,

131 3057 230 3127 οὐδὲν
255 3046 449 3140 ἀδικοῦντες
471 3059 550 3130 οὐδὲ
556 3065 674 3182 δίκην
700 3059 858 3147 οὐδεμίαν
888 3058 1079 3148 ὠφληκότες

106 3155 274 3241 τούτοις,
299 3158 512 3246 σεσυλήμεθα
527 3156 567 3226 τά
586 3154 710 3243 ημέτερ’
731 3157 842 3227 αὐτῶν
859 3157 923 3226 υπό
947 3159 1079 3226 τούτων

124 3254 357 3334 Φασηλιτῶν
337 3281 461 3339 οντων,
481 3254 592 3340 ῶσπερ
605 3259 792 3341 δεδομένων
803 3264 917 3324 συλῶν
929 3262 1080 3342 Φασηλί-

22 3383 28 3393 =
128 3372 200 3426 ταις
212 3348 285 3415 κατ’
305 3349 499 3434 Ἀθηναίων.
533 3349 667 3421 ἐπειδάν
682 3351 747 3439 γὰρ
763 3351 808 3440 μὴ
820 3357 981 3422 ἐθέλωσιν
991 3350 1079 3420 ἀπο-

130 3447 249 3514 δοῦναι
257 3444 295 3511 οά
316 3451 452 3534 ἔλαβον,
475 3454 510 3517 τί
527 3448 572 3517 ἀν
588 3477 641 3530 ,τις
662 3450 743 3519 ἀλλο
766 3449 857 3536 ὄνομ’
868 3455 938 3534 ἔχοι
950 3452 1079 3531 θέσθαι
