2318 3894
244 229 383 290 ΚΑΤΑ
402 227 864 295 ΑΡΙΣΤΟΚΡΑΤΟἸΡΣ.
964 233 1025 300 175

79 392 217 474 τοίςμλν
228 384 592 473 Φωκέαςάυτιπάλους,
613 386 724 467 τυῑςθ’
738 387 961 479 άλλουςτινάς
977 392 1026 462 εί-

79 514 151 555 ναι·
174 485 260 555 ἐκ
221 513 284 572 γαρ
295 513 355 553 του
344 483 469 554 ταυθ
482 511 589 565 ουτως
600 484 713 572 ἔχειν
692 501 772 573 ημιν
782 512 923 574 νπαρχει
933 497 1026 581 μεγί-
1139 510 1145 517 ·

20 601 69 656 103
79 607 166 664 στοις
183 577 280 653 οὖσιν
303 585 462 668 ἀσφαλῶς
482 590 592 654 οἰκεία.
624 583 725 653 τοῦτο’
745 593 863 654 τοίνυν
882 596 1028 675 νομίζετε

79 681 179 750 ταύτο
170 684 253 750 καί
267 697 333 760 τοις
343 683 558 769 Χερρονησου
569 688 698 751 οίκουσι
708 709 777 752 των
787 693 931 755 πολιτωυ
942 687 1028 773 συμ·
1086 747 1089 752 .

80 782 211 866 φέρειν,
236 783 364 867 μηδένα
384 778 468 847 εἰναι
488 789 557 849 τῶν
579 790 722 869 Θρᾳκῶν
746 783 937 870 ἰσχυρόν·
920 811 941 871 η
963 784 1028 871 γάρ

79 883 216 946 ἐκείνων
236 875 320 963 πρὸς
332 875 504 963 ’ἀλλήλους
524 877 648 965 ταραχὴ
669 884 724 947 καλ
744 878 871 963 ὑποψία
893 881 1027 969 φρουρά

79 976 295 1063 Χερρονήσου
312 980 445 1060 μεγίστη
461 983 528 1043 τῶν
545 984 661 1050 πασῶν
680 978 813 1045 ἐστικαὶ
822 979 1027 1066 βεβαιοτάτη.

80 1074 116 1143 τὸ
135 1081 250 1142 τοίνυν
268 1072 424 1159 ψήφισμα
440 1074 531 1139 τουτὶ
548 1079 595 1161 τῶ
604 1074 666 1158 μὲν
676 1070 848 1165 ἡγουμένῳ
860 1083 928 1144 τῶν
940 1084 1028 1159 Κερ-

80 1177 265 1260 σοβλέπτου
277 1170 480 1257 πραγμάτων
491 1168 673 1256 ἀσφάλειαν
690 1170 802 1256 Mdv,
822 1173 943 1250 τοϊς-θλ
961 1179 1028 1239 τῶν

81 1273 200 1355 ἑτέρων
221 1272 384 1356 βασιλέων
405 1281 595 1353 στρατηγοῖς
608 1263 725 1352 ,φόβον
742 1268 797 1334 καὶ
815 1269 887 1345 θέος
903 1268 1027 1354 μήτιν’

82 1376 189 1438 αἰτίαν
200 1374 297 1454 ἔχωσι
307 1364 486 1452 παριστάν,
505 1366 583 1443 τοὺς
593 1363 653 1449 μὲν
664 1361 833 1449 άσθενείς,
855 1363 956 1432 τουτί’
970 1367 1029 1433 ἕνα

19 1484 72 1537 104
82 1466 162 1534 ὄντα
179 1467 315 1552 ίσχυρόν
331 1471 537 1549 καθίστησιν.
569 1467 626 1529 ἵνα
637 1462 673 1529 δὲ
683 1458 728 1547 μὴ
739 1461 830 1529 πάνυ
841 1462 1030 1549 θαυμάζητε

82 1571 112 1632 εί
129 1564 168 1631 τά
185 1563 262 1649 παρ’
278 1563 358 1651 ύμῖν
374 1567 566 1648 ψηφίσματα
584 1557 784 1646 τηλικαύτην
798 1564 863 1645 ἔχει
873 1558 1028 1647 δύναμιν,

80 1662 215 1748 γεγονὸς
226 1665 280 1731 καὶ
291 1660 310 1730 ὃ
320 1661 440 1738 πάντες
450 1664 626 1728 ἐπίστασθε
635 1666 769 1745 πρᾶγμα
779 1655 866 1745 ύμάς
875 1656 1030 1747 ὑπομνή-

81 1783 137 1828 σω.
158 1758 212 1827 ὅτε
223 1759 442 1844 Μιλτοκύθης
452 1756 573 1843 άπέστη
585 1757 730 1842 Κότυος,
742 1754 866 1843 συχνὸν
876 1757 937 1845 ἤδη
948 1757 1090 1846 χρύ·655
1103 1793 1107 1797 ’

80 1884 142 1925 νον
153 1857 247 1935 ὄντος
259 1864 318 1924 τοῦ
332 1858 477 1942 πολέμου
484 1906 500 1942 ,.
516 1856 571 1923 καλ
581 1854 836 1942 ἀπηλλαγμένου
845 1854 1030 1944 μὲνἘργο-

81 1962 196 2043 φίλου,
218 1960 393 2039 μέλλοντος
411 1951 441 2020 δ’
460 1951 670 2032 Αὐτοκλέους
686 1956 816 2041 ἐκπλεῖν
833 1961 1030 2042 στρατηγοῦ,

81 2054 208 2139 ἐγράφη
219 2079 251 2120 τι
261 2051 340 2138 παρ’
354 2050 435 2138 ύμῖν
445 2052 599 2138 ψήφισμα
609 2058 777 2138 τοιοῦτον
790 2048 832 2118 δι’
848 2045 891 2120 οὗ
901 2060 1031 2121 Μιλτο-
1073 2100 1076 2109 -

81 2147 918 2237 κύθηςμὲνἀπῆλθεφοβηθεὶςκαὶνομίσαςύμᾶςού
927 2169 1032 2236 προσ-

19 2332 21 2336 .
82 2255 167 2336 έχειν
179 2248 284 2336 αὐτῶ,
303 2247 457 2328 Κότυςὸ’
471 2245 701 2372 έγκρατηςτού
712 2273 747 2313 τε
758 2245 857 2333 ὅρους
868 2272 928 2315 του
915 2247 1031 2330 ίεροῦ

82 2351 137 2416 καλ
155 2355 224 2414 τῶν
239 2353 424 2432 θησαυρῶν
442 2349 579 2429 ἐγένετο.
613 2347 668 2415 καί
684 2344 747 2429 γάρ
764 2369 816 2412 τοι
826 2369 907 2429 μετα
916 2370 1030 2431 ταυτα,

83 2474 108 2513 ω
96 2439 245 2530 ἄνδρες
260 2442 446 2530 Ἀθηναῖοι,
468 2441 642 2530 Αὐτοκλῆς
657 2443 719 2529 μὲν
734 2440 916 2528 ἐκρίνετο
892 2468 935 2521 ως
946 2439 1032 2512 άπο-

74 2541 233 2629 λωλεκῶς
244 2543 536 2628 Μιλτοκύθην,ί
495 2569 518 2610 ,ο
521 2546 579 2610 λθὲ
588 2542 703 2629 χρόνω
713 2541 796 2609 κατά
806 2550 867 2610 τοῦ
876 2540 914 2610 τύ
926 2543 1032 2630 ψήφιν

83 2662 149 2726 σμα
168 2641 317 2718 είπάντος
333 2648 390 2725 τῆς
406 2647 536 2726 γραφῆς
554 2639 810 2726 ἐξεληλύθεσαν,
832 2641 876 2707 τά
890 2641 926 2708 δὲ
944 2640 1033 2728 πρά-

82 2765 187 2824 γματα
203 2738 375 2806 άπωλῶλει
386 2746 428 2826 τῇ
438 2739 540 2808 πόλει.
572 2732 612 2806 εύ
621 2745 737 2806 τοίνυν
749 2748 817 2807 ἴστε
828 2738 878 2806 ὅτι
889 2742 944 2831 καὶ
954 2749 1030 2828 νύν,

22 2864 73 2917 105
84 2843 113 2904 εί
124 2836 166 2923 μὴ
180 2839 295 2904 λύσετε
306 2837 342 2904 τι)
356 2836 511 2923 ψήφισμα
522 2839 608 2919 τοδί,
621 2840 675 2906 καὶ
684 2852 752 2927 τοῖς
759 2845 932 2924 βασιλεῦσι
942 2850 1032 2908 θαυ-

84 2932 188 3021 μαστὴ
206 2935 377 3021 γενήσεται
394 2933 437 3002 δι’
459 2933 539 3002 αύτὸ
559 2935 686 3020 ἀθυμία
697 2939 749 3004 καὶ
761 2950 829 3014 τοῖς
841 2943 1032 3022 στρατηγοῖς

84 3031 212 3099 αὐτῶν·
235 3030 321 3109 ὅλως
344 3031 407 3117 γάρ
431 3030 611 3120 ἡγήσονται
631 3040 827 3117 παρεῶσθαι
846 3033 905 3118 μὲν
927 3031 1031 3119 αὐτοὶ,

85 3131 166 3216 πρὸς
177 3133 431 3217 Κερσοβλέπτην
448 3130 479 3199 θ’
498 3129 690 3200 άποκλίνειν
708 3128 805 3254 ὑμᾶς.
840 3137 870 3199 εί
881 3129 913 3199 θ’
926 3133 1033 3199 ἐκτοῦ

42 3237 44 3243 “
84 3238 186 3298 ταῦτα
204 3236 331 3316 γνῶναι
347 3231 639 3316 παραχωρήσονται
653 3237 710 3316 τῆς
727 3229 829 3318 ἀρχῆς
846 3232 919 3298 ἐπὶ
914 3236 1033 3313 καιροῦ

84 3329 175 3407 τινὸς
196 3327 309 3405 αὐτοις
332 3329 531 3414 ἐπιθεμένου
552 3355 613 3424 του
600 3334 903 3416 Κερσοβλέπτου,
933 3328 1033 3448 πάλιν

23 3442 77 3497 106
86 3451 184 3511 ορατε
201 3454 232 3493 τι
227 3425 458 3513 συμβησεται.
492 3431 572 3513 φέρε
589 3425 652 3515 γάρ
670 3451 753 3514 προς
763 3436 873 3513 θεων,
897 3422 1041 3512 άνὴμθει
