2318 3894
38 274 40 279 .
125 227 187 293 138
339 231 423 289 xxn.
456 227 873 291 ΔΗΜΟΣΘΕΝΟΤΣ

123 388 301 473 τριάκοντα
323 370 564 475 δραχμάς,καί
582 385 745 467 Θεόξενον
765 387 826 456 τόν
844 378 1077 475 Ἀλωπεκήθεν

125 485 271 572 δραχμάς
282 486 508 573 βδομηκουτα
518 486 574 553 καλ
585 484 707 571 μικρον
715 511 749 553 τι
759 508 870 569 προς,
868 483 969 552 καί
934 511 995 554 τον
1003 484 1077 554 Εὐ-

124 586 236 672 φήρου
246 583 478 668 Καλλικρατην
488 580 585 651 καί
552 608 612 651 τον
621 585 783 651 Τελέστου
795 589 990 651 νεανίσκον
1011 582 1075 653 οὐκ

123 688 185 769 ἔχω
197 680 262 768 γάρ
272 679 421 767 τοῦνομα
432 687 552 748 εἰπεῖν·
576 680 695 766 σχεδόν
705 681 741 749 δὲ
753 681 895 768 πάντας,
915 677 976 761 οὓς
986 685 1073 751 εἰσέ-

125 783 302 863 πραξενέ,
287 798 343 846 ινα
359 805 403 864 μη
421 775 530 846 καθ’“
511 799 651 847 εκαστον
668 781 770 865 λέγω,
792 777 856 849 οὐκ
873 777 936 847 οἷδ’
951 788 986 848 εἰ
998 805 1072 849 τινα

80 900 114 955 61
125 876 207 965 νπὲρ
219 903 308 963 μναυ
319 874 505 964 οφειλοντα
533 875 640 966 πότερ’
654 903 719 945 ουν
728 886 842 945 οἰεσθε
851 877 1072 947 τουτωυέκα

123 997 204 1045 στον
213 990 321 1063 μισεῖν
338 978 393 1044 καί
403 984 560 1060 πολεμεῖν
570 974 659 1065 αὕτη)
645 973 780 1043 διά
742 1001 804 1061 την
816 972 980 1061 εἰσφοράν
988 1001 1072 1043 των-
1079 982 1113 1044 61

122 1102 199 1161 την,
221 1072 244 1161 ή
260 1072 320 1143 τὸν
336 1071 535 1161 μὲναότωυ,
558 1071 609 1141 ὅτι
620 1070 962 1142 πάντωνάκουόντων
975 1069 1071 1159 ὑμων

122 1175 159 1241 έν
168 1198 213 1262 τρι
202 1173 319 1262 δήμω
332 1178 456 1241 δουλων
474 1176 537 1259 ἔφη
547 1173 603 1240 καὶ
613 1174 649 1240 έκ
661 1172 794 1240 ἰοόλων
804 1171 888 1240 εἰναι
897 1174 955 1240 καὶ
965 1191 1071 1257 προσ-

121 1272 217 1358 ήκειν
226 1270 317 1361 αὐτῷ
328 1268 364 1339 τό
377 1273 475 1338 ἕκτον
491 1273 589 1357 μέρος
606 1275 771 1356 εἰσφέρειν
783 1267 863 1356 μετά
878 1277 946 1337 τῶν
960 1277 1073 1355 μετοί-

81 1398 84 1403 ⁴
121 1397 202 1457 κων,
219 1378 265 1460 τῷ
277 1371 313 1439 δὲ
330 1374 448 1448 παῖδας
457 1372 493 1437 ἐκ
511 1367 636 1456 πόρνης
646 1368 739 1453 εἰναι,
756 1376 818 1438 τοῦ
827 1368 863 1437 δὲ
873 1365 934 1437 τόν
945 1376 1071 1455 πατέρα

64 1494 70 1505 ·
120 1465 341 1556 ἡταιρηκέναι,
352 1477 413 1536 τοῦ
425 1468 460 1537 δέ
470 1466 532 1552 τήν
542 1469 666 1553 μητέρα
676 1473 944 1553 πεπορνεῦσθαι,
962 1465 1070 1535 τὸνόὲ

123 1566 334 1653 ἀπογράφειν
344 1565 407 1635 ὅσα
424 1562 577 1651 ὑφείλετο
596 1569 628 1644 ἐξ
645 1563 763 1652 άρχής,
785 1563 844 1635 τόν
856 1565 892 1639 δὲ
908 1562 945 1633 τό
966 1568 1069 1648 δεῖνα,

78 1663 228 1733 σῖτόνόὲ
239 1661 325 1749 ὁμοῦ
335 1660 416 1748 όητά
428 1665 482 1729 καὶ
493 1660 620 1749 άρρητα
631 1662 982 1750 κακά,έξήςάπανταςς
1005 1659 1074 1749 ἐμω,

122 1765 183 1852 μὲν
199 1759 264 1848 γάρ
282 1760 347 1829 οἷδ’
363 1758 415 1831 ὅτι
432 1760 568 1847 πάντες,
590 1767 636 1840 εἰς
652 1759 711 1841 οὓς
726 1760 941 1851 ἐπαρῴνησεν
960 1752 1067 1849 οὗτος,

120 1861 182 1947 τήν
199 1859 260 1946 μὲν
278 1856 441 1946 εἰσφοράν
456 1859 593 1939 ἕκαστος
609 1859 792 1947 ἀναγκαῖον
808 1860 970 1948 ἀνάλωμα
985 1860 1069 1931 ὑπε-
1087 1912 1090 1917 -

42 2007 45 2011 -
120 1957 288 2044 λάμβανεν
298 1955 398 2042 εἰναι,
419 1965 556 2025 τοιαῦτα
573 1957 604 2026 δ’
619 1956 811 2046 ἀτιμασθεὶς
827 1962 884 2029 καί
895 1970 1068 2048 προπηλα-

121 2059 249 2134 κισθεὶς
256 2063 405 2141 χαλεποῖς
413 2055 577 2143 ἐνήνοχεν.
610 2055 743 2126 κάκεῖνο
756 2057 845 2179 υἱέα,
857 2054 908 2125 ὅτι
917 2057 1067 2145 χρήματα

122 2153 327 2242 εἰσπράττειν
347 2162 467 2224 τοῦτον
489 2154 791 2243 ἐχειροτονήσαθ’
774 2170 882 2244 υμεῖς,
914 2153 989 2243 οὐχὶ
1009 2182 1066 2236 τας

119 2257 203 2332 ἰδίας
214 2251 389 2342 συμφορας
400 2250 570 2337 ουειδίζειν
580 2258 635 2325 καί
652 2258 861 2344 προφέρειν
843 2256 980 2346 εκαστρ)
1003 2265 1066 2325 εἰτε

118 2351 182 2439 γάρ
193 2344 279 2440 ἦσαν
289 2350 434 2440 άληθεῖς,
447 2379 488 2421 ου
480 2353 552 2422 ’σοί
562 2358 673 2444 ῥητέαι
680 2352 799 2440 (πολλα
806 2352 872 2472 μὰρ
884 2351 1065 2440 ήμοῖυὲκα-

119 2470 196 2530 στος
206 2450 267 2537 οὐχ
279 2448 322 2529 ὡς
332 2452 487 2537 βούλεται
505 2453 672 2538 πράττει)
691 2463 756 2521 εἴτε
772 2451 816 2539 μή
833 2451 1065 2540 προσηκούσας

74 2550 360 2631 63κατεσκεόαζες,
378 2572 447 2626 πως
457 2574 518 2633 ουχ
529 2545 643 2616 ὁτιοῦν
655 2544 832 2630 άνπάθοις
843 2555 997 2631 ’δικαίωςς
1018 2554 1066 2617 ἔτι

60 2676 69 2689 ·
117 2653 234 2714 τοίνυν
244 2643 383 2725 ἐκτοῦδ’
393 2642 628 2731 ἀκριβέστερον
637 2648 810 2732 μνάσεσθε
824 2647 875 2723 ὅτι
886 2654 1065 2735 μισεῖτοῦ-

116 2769 176 2812 τον
186 2744 323 2821 ἕκαστος
338 2740 378 2812 οὐ
391 2740 444 2811 aa&
457 2743 519 2829 τήν
530 2750 710 2833 εἰσπραξιν,
728 2743 795 2815 ἄλλ’
810 2742 893 2832 ὑπὲρ
906 2737 956 2812 ιόυ
964 2742 1064 2832 52ss06-

117 2851 184 2927 σθη
202 2842 257 2909 καί
274 2841 484 2928 ἐπαρῳνήθη.
525 2841 678 2928 Σάτυρος
693 2846 757 2930 γάρ
782 2841 801 2912 ὁ
822 2850 890 2911 τῶν
913 2848 1064 2929 νεωρίων

115 2937 307 3027 ἐπιμελητής
324 2936 385 3024 οὐχ
402 2937 482 3007 ἑπτά
498 2938 642 3009 ’τάλαντα
654 2946 844 3025 εἰσέπραξεν
859 2938 955 3027 ὑμῖν,
978 2938 1063 3009 ἀλλὰ

114 3041 251 3121 τέτταρα
266 3040 322 3106 καί
337 3038 513 3125 τριάκοντα
529 3036 608 3117 τούς
627 3036 750 3117 αὐτοὺς
766 3038 906 3123 τούτους
922 3035 1064 3121 άνθρὶόε-

114 3139 247 3219 πους,έξ
258 3127 308 3202 τόν
318 3136 487 3221 παρέθηκε
498 3136 724 3220 τάσκεάηταῖς
734 3135 1064 3214 έκπλευσάσαιςναυ-

114 3239 183 3301 σίν·
204 3235 259 3301 καί
276 3229 348 3299 οὔτ’
363 3234 486 3313 ἐκεῖνος
503 3232 558 3301 διά
573 3242 676 3301 ταῦτα
693 3230 815 3302 οὐδένα
833 3231 959 3320 ἐχθρόν
970 3230 1064 3320 αὐτῷ

114 3332 217 3417 φησὶν
233 3322 334 3419 εἶναι,
355 3329 431 3399 οὔτε
451 3340 519 3399 ταῖν
535 3335 802 3418 εἰσπραχθέντων
819 3330 928 3411 οὐδεὶς
944 3335 1061 3421 ἐκείνω

114 3436 256 3515 πολεμεῖ.
284 3429 439 3510 εἰκότως·
462 3427 555 3517 ὁμὲν
564 3428 628 3517 γάρ
638 3429 675 3499 τό
688 3434 975 3518 προστεταγμένον
981 3479 993 3515 ,
1011 3427 1061 3499 οἰ-
