2318 3894
117 191 181 280 ἰεο
314 217 400 275 xxv.
424 214 860 293 [ΔΗΜοΣεοιιονει
975 238 984 248 x
1024 206 1039 237 ⁶

118 375 327 462 προσήκοντα
338 374 492 460 πράττοι,
515 370 600 440 ιἰλλδ
617 378 686 443 πᾶν
695 383 732 441 “το
723 372 944 460 τεταγμένον
952 376 1066 457 ἐξελό-

116 495 178 567 σας
194 474 330 552 ἕκαστος
338 475 384 540 ἐκ
400 497 462 540 τον
450 468 603 557 βίον
567 497 628 556 την
645 473 767 540 ἑαυτου
753 473 988 560 βοόλησιν’
946 500 1064 562 νομον,

117 569 234 657 ἀρχὴν,
246 566 348 637 πάνθ’
361 567 608 654 ὑπολαμβάνοι·
631 574 774 637 είταῦτα
784 585 954 656 ποιοῖμεν,
976 577 1066 641 ἔστιν

117 676 165 738 ἔτι
184 667 247 754 τὴν
263 668 363 735 πόλιν
381 673 562 746 οἰκεῖσθαι,
578 672 618 733 τί
631 669 682 746 δός
703 692 783 746 τους
793 694 918 754 νομονς
927 677 1065 754 κυρίους

118 767 217 845 εἷναι;
237 760 424 851 πόσηνδ’
402 792 445 832 αν
456 774 569 833 οἴεσθε
585 764 840 854 βίανκαλυβριν
849 770 906 836 καί
915 792 1066 854 παρανο-

118 871 197 951 μίαν
214 866 251 931 έν
266 858 378 950 ἁπόση
393 871 435 951 τῇ
450 864 544 931 πόλει
560 861 634 930 καθ’
648 865 789 952 ἑκάστην
803 863 865 952 τήν
875 863 1004 953 ἡμέραν
1013 873 1064 952 γέ

117 972 259 1047 γνεσθαι
274 964 328 1030 καὶ
343 969 558 1050 βλασφημίαν
575 959 649 1030 ἀντὶ
664 970 722 1050 τῆς
743 972 810 1032 νῦν
826 964 991 1050 εὐφημίας
1010 964 1066 1031 καὶ

74 1060 256 1140 ελτάξειοςς
277 1061 332 1128 καὶ
342 1066 376 1127 τί
384 1063 553 1145 δεῑλέγειν
570 1057 622 1127 ὅτι
638 1074 705 1140 τοῖς
716 1061 832 1148 νόμοις
852 1059 986 1131 ἅπαντα
1000 1087 1066 1153 μο-

27 1239 33 1247 ,
119 1155 1109 1249 σμεῖταικαλτῷτοότοὶςπείθεσθαιςἄλλ’ὑμεϊςαότολπόν-λλλ

28 1246 36 1266 ’
120 1283 189 1326 των
199 1256 274 1342 όρτι
285 1261 522 1345 κληρουμένων
531 1249 726 1342 Ἀθημαίων,
736 1258 792 1325 καλ
801 1257 939 1340 πάντων
948 1249 991 1325 εὖ
1000 1253 1063 1325 οἷδ’

117 1354 169 1433 ότι
177 1360 392 1443 βουλομένων
402 1361 448 1435 είς
457 1361 556 1424 τοῦτο
574 1363 686 1440 λαχεῖν
703 1351 739 1423 ιδ
757 1357 987 1442 δικαστήριον,
1003 1354 1065 1442 μό-

101 1480 171 1539 ινοι
181 1454 323 1536 δικάζεθ’
336 1454 426 1542 ἡμῖν.
459 1452 570 1533 διὰτίς
599 1451 651 1521 ότι
667 1453 814 1539 ἐλάχετε,
836 1451 895 1520 εἶτ’
918 1449 1065 1539 ἀπεκλη-

117 1553 265 1640 ροόδηιε·
286 1560 389 1621 ταῦτα
399 1554 434 1621 δὲ
445 1557 480 1620 ολ
488 1553 585 1638 νόμοι
596 1554 759 1637 λέγονσιν.
792 1547 852 1619 εἶθ’
865 1547 961 1637 ὑμεῖς
970 1548 1065 1620 αὐτοὶ

116 1649 200 1719 κατα
215 1651 294 1728 τούς
315 1652 441 1736 νόμους
462 1649 714 1735 εἰσεληλυθότες
732 1647 793 1717 τόν
808 1644 898 1734 παρὰ
914 1649 994 1729 τούς
1005 1649 1065 1718 νό-

25 1779 34 1790 ·
116 1772 200 1833 μους
212 1750 320 1831 λέγειν
330 1742 352 1832 ἢ
362 1746 520 1834 πράττειν
534 1772 566 1813 τι
585 1747 781 1833 βιαζόμενον
797 1745 957 1833 λαβόντες
974 1745 1065 1834 ἀφή-

117 1864 206 1922 σετε;
224 1845 280 1911 καλ
296 1841 405 1923 οόδελς
422 1842 518 1930 ὑμῶν
532 1843 636 1931 χολὴν
650 1842 728 1914 οὐδὲ
746 1843 850 1931 ὀργὴν
859 1848 944 1931 ἔχων
954 1846 1066 1934 φανή-

26 1936 30 1943 ’
117 1960 209 2009 σεται
220 1938 270 2027 ἐφ’
282 1938 330 2021 οἷς
341 1939 358 2011 ὁ
371 1940 597 2031 βδελυρός-καλ
614 1941 750 2030 ἀναιδὴς
761 1943 942 2029 ἅνθρωπος
952 1941 1066 2013 οὖτοσλ

73 2054 110 2111 26
119 2039 262 2127 βιάζεται
272 2038 350 2120 τούς
360 2041 500 2128 νόμονς;
526 2037 580 2126 ὃς,
605 2034 831 2127 όμιαρότατε
849 2043 1065 2127 πόντωντοῐν

119 2138 228 2209 όντων
248 2137 457 2227 οἷνθροόπιον,
481 2144 689 2227 κεκλειμένης
710 2159 773 2208 σου
788 2146 846 2226 τῆς
858 2143 1009 2220 ἐξουσίας
1023 2137 1064 2208 οὐ

119 2245 283 2324 κιγκλίσιν
294 2235 517 2327 οόδδδόραις,
528 2236 551 2307 δι’
561 2239 616 2324 καὶ
627 2244 854 2323 παρανοίξειεν
864 2235 909 2304 όίν
918 2264 985 2324 τις,
1004 2233 1066 2307 όλ·

118 2336 342 2418 λόιτοσοότοις
358 2340 413 2407 καὶ
433 2338 637 2425 τηλικούτοις
655 2334 840 2422 ὀφλήμασι,
861 2337 916 2402 καὶ
936 2335 1066 2403 τούτων

119 2460 209 2521 παρα
220 2463 261 2524 τη
248 2443 342 2526 θεν
354 2439 516 2522 κειμένοιν
522 2462 566 2517 ,
551 2441 598 2514 λς
607 2460 645 2502 το
635 2433 748 2513 ἐντος
759 2458 887 2501 τοντοιν
884 2433 972 2520 βια
973 2460 1002 2501 ει
956 2436 1066 2514 καὶ

121 2537 293 2619 προσέρχει
310 2533 393 2619 πρὸς
408 2532 504 2600 ταῦτ’
505 2531 594 2620 ,ἀφ’
608 2525 668 2599 τόν
673 2523 901 2600 ἀπελαύνουσί
906 2552 951 2611 σε
962 2530 1048 2599 οἷ’
1005 2557 1066 2600 νο-

120 2655 192 2714 μοι·
215 2627 504 2716 ἀπεσχοινισμένος
521 2636 603 2697 πᾶσι
618 2643 685 2715 τοῖς
702 2634 738 2697 έν
754 2657 794 2718 τη
782 2627 906 2697 πόλει
916 2634 1064 2717 δικαίοις,

121 2724 264 2810 γνοόσεσι
286 2730 508 2812 δικαστηρίων
526 2734 639 2813 τριῶν,
664 2732 813 2816 ἐγγραφῇ
834 2737 1065 2816 δεσμοθετων,

96 2883 100 2890 .
122 2824 216 2910 ἑτέρᾳ
228 2822 442 2910 πρακτόρων,
460 2826 799 2913 τῇτῆςβονλεύσεως,
822 2824 1067 2914 ἣνοιύτδςδιοό-

95 2943 100 2950 ’
122 2946 199 3008 κεις,
211 2928 335 3008 γραφῇ,
347 2920 454 3008 μόνον
465 2921 526 3008 οὐχ
537 2920 653 2990 ἆλόσει
664 2926 799 3013 σιδηρᾷ,
817 2922 957 2993 ὑποδύει
973 2924 1065 3011 παρὰ

122 3028 227 3088 ταῦτα
237 3021 294 3088 καλ
304 3023 461 3110 διασπᾷς,
483 3023 539 3089 καὶ
555 3021 737 3108 προφάσεις
752 3023 905 3092 πλόττιον
915 3026 970 3092 καὶ
981 3039 1066 3106 ψευ-

124 3122 191 3196 δεῖς
202 3123 306 3198 αίτίας
317 3117 536 3199 συντιθεὶς
500 3145 541 3187 τα
559 3121 668 3188 κοινοὶ
673 3121 766 3191 δίκαι’
780 3119 978 3207 ἀνατρέψειν
992 3131 1064 3191 οίει.

80 3212 239 3280 mal
198 3242 265 3301 μην
288 3220 369 3301 μέγα
391 3219 447 3285 καὶ
467 3217 569 3310 σαφες
590 3214 669 3304 ὑμῖν
689 3221 754 3305 ἐροι
770 3218 1035 3306 παρόδιιγμα,”
1015 3246 1068 3288 οτι

124 3317 206 3376 ταῦτ
210 3307 309 3378 ουδὲ
320 3309 394 3379 καθ
411 3317 449 3379 ἓν
458 3313 617 3401 προσηκει
628 3321 787 3401 παριδεῖν
819 3323 850 3386 εί
863 3318 927 3403 γάρ
943 3344 991 3396 τις
1002 3344 1068 3384 αν-

125 3412 198 3476 τίκα
215 3406 255 3496 δὴ
272 3407 361 3495 μάλα
378 3417 464 3478 είποι
481 3409 557 3493 δςέ
557 3410 1067 3502 κτοιννεοιτότοινητολνπλον-
