2318 3894
163 239 205 304 58
375 242 445 300 xxl.
483 236 902 308 ΔΗΜΟΣΘΕΝΟΤΣ

163 405 200 469 ἐν
222 395 336 478 αύταῑς
355 398 489 475 ταύταις
509 411 579 475 ταῖς
599 393 733 480 ἡμέραις
749 393 824 476 ἄξια
839 404 900 466 τοῦ
918 399 1040 466 δοῦναι
1053 395 1115 486 τήν

163 499 303 585 ἐσχάτην
320 502 417 583 δίκην
431 503 538 563 ποιεῖν
556 495 772 580 δειχθήσεται.
808 496 972 582 βούλομαι
989 495 1022 565 δ’
1032 499 1115 566 ἐποι-

163 617 244 665 στον
260 594 317 664 ἀπ’
337 595 438 681 ἀρχῆς
457 586 505 661 ὦν
522 597 677 662 πέπονθα
693 595 852 673 ἐπιδείξας
878 599 935 663 καί
960 597 1115 682 περὶτῶν

164 689 470 781 πληγῶνείπειν,“
449 719 487 770 ας
496 718 534 759 το
522 690 734 759 τελεοταιον
744 695 975 776 προσενετεινε
982 718 1056 779 μοι
1078 697 1115 762 δν

164 788 228 879 γύρ
247 790 380 859 οὐδέν’
364 812 453 858 εστιν
471 789 556 877 ἐφ’
545 781 573 856 ύ
588 815 656 856 των
671 791 912 875 πεπραγμένων
927 816 969 859 ου
960 788 1113 871 ’δίκαιος

164 887 631 975 ύναπολωλέναιφανήσεται.
725 930 729 938 -

121 1018 156 1070 13
244 986 421 1072 Ἐπειδὴ
383 1014 446 1072 γαρ
459 1013 498 1054 ον
491 986 755 1072 ’καθεστηκότος
763 994 909 1074 χορηγοῦ
919 1014 958 1076 τη
943 991 1113 1058 Πανδιο-

163 1092 231 1154 νίδι
248 1093 339 1173 φυλή
356 1093 467 1171 τρίτον
487 1092 557 1170 ἐτος
568 1088 675 1172 τουτὶ,
698 1087 868 1173 παρούσης
879 1089 915 1155 δὲ
927 1095 984 1173 τῆς
996 1089 1129 1174 ἐκκληι

163 1193 235 1264 σίας
250 1190 286 1254 ἐν
303 1179 326 1273 ᾗ
341 1185 401 1252 τ’ὀν
418 1184 561 1270 ἄρχοντα
572 1183 801 1271 ἐπικληροῦνὸ
814 1184 915 1271 νόμος
926 1200 994 1265 τοῖς
1004 1201 1151 1272 χοροῖςοο

162 1283 240 1363 τούς
258 1281 400 1370 αύλητδς
417 1285 559 1367 κελεύει,
582 1283 693 1368 λόγων
709 1286 764 1352 καί
781 1287 946 1367 λοιδορίας
956 1287 1112 1371 γιγνομέ·

163 1409 239 1468 νης,
262 1384 317 1450 καὶ
336 1387 598 1469 κατηγοροῦντος
608 1389 670 1450 τοῦ
679 1383 739 1468 μὲν
752 1380 910 1467 ἄρχοντος
919 1390 989 1448 τοῖν
999 1384 1112 1469 ἐπιμε-

163 1487 271 1566 λητῶν
289 1489 345 1565 τῆς
360 1488 483 1566 φυλῆς,
506 1479 623 1547 τῶνδ’
642 1483 843 1566 ἐπιμελητῶν
861 1485 922 1547 τοῦ
940 1478 1110 1564 ἄρχοντος,

163 1577 341 1660 παρελθών
360 1576 550 1664 ὑπεσχόμην
568 1575 630 1661 ἐγύ
648 1579 844 1665 χορηγήσειν
861 1577 1041 1665 ἐθελοντής
1055 1580 1110 1648 καί

163 1681 398 1763 κληρουμένων
415 1683 544 1761 πρῶτος
560 1679 728 1758 αἱρεῖσθαι
744 1676 803 1746 τδν
819 1674 966 1762 αὐλητήν
981 1682 1109 1761 ἔλαχον,

121 1794 157 1849 14
164 1770 255 1860 ὑμεῖς
271 1773 332 1860 μὲν
338 1825 347 1860 ,
372 1767 400 1842 03
416 1773 535 1858 ἄνδρες
543 1770 730 1860 Ἀθηναῖοι,
752 1774 873 1854 πάντες
889 1773 1052 1862 ἀμφότερ’
1067 1773 1111 1854 ὦς

163 1868 237 1939 οέύν
257 1897 291 1939 τε
312 1869 442 1992 μήλισύ
466 1869 688 1958 ἀπεδέξασθε,
703 1868 772 1960 ’τήν
788 1872 819 1941 τ’
836 1877 1033 1958 ἐπαγγελίαν
1048 1871 1109 1960 τήν

163 1956 246 2088 ἐμην
256 1968 355 2039 καὶ
322 1997 358 2038 το
371 1967 538 2058 σνμβδιν’
519 1969 585 2039 απὸ
602 1982 660 2058 τῆς
676 1970 789 2057 τύχης,
812 1974 866 2040 καί
882 1971 1039 2063 θόρνβον
1054 1974 1108 2038 καί

162 2068 284 2151 κρότον
301 2074 454 2136 τοιαύταν
470 2065 514 2146 ὡς
530 2095 574 2135 αν
585 2072 796 2148 ἐπαινοῦντές
807 2071 906 2137 τεκαὶ
918 2071 1108 2187 συνησθέν-

161 2192 214 2244 τες
231 2166 418 2251 ἐποιήσατε,
440 2154 580 2246 Μειδιας
597 2166 627 2234 δ
647 2165 814 2235 οντοσὶ
770 2192 872 2252 μονος
882 2193 949 2234 των
960 2189 1104 2244 παντων

84 2308 86 2312 .
163 2261 207 2343 ὥς
223 2270 345 2350 ἔοικεν,
367 2261 534 2354 ἠχθέσθη,
555 2269 610 2336 παι
627 2262 905 2354 παρηκολούθησε
922 2288 989 2348 παρ
994 2261 1104 2349 ’ὅλην

161 2362 223 2447 τήν
234 2370 442 2448 λειτουργίαν
451 2366 639 2450 ἐπηρεάζων
649 2391 704 2451 μοι
716 2370 861 2448 συνεχῶς
874 2364 929 2432 καὶ
938 2387 1041 2449 μικρα
1028 2358 1106 2430 καί

121 2477 153 2530 15
161 2467 265 2546 μείζω.
289 2460 351 2527 ὅσοι
362 2464 423 2545 μὲν
433 2453 497 2527 οὖν
510 2459 587 2539 τούς
597 2459 754 2544 χορευτὰς
765 2459 1019 2545 ἐναντιούμενος
1027 2455 1106 2546 ἡμίν

105 2565 115 2577 “
161 2556 330 2641 ἀφεθῆναι
340 2563 397 2641 τής
409 2563 577 2638 στρατείας
587 2556 792 2644 ήνώχλησεν,
804 2555 826 2645 ή
837 2559 1106 2646 προβαλλόμενος

161 2656 215 2721 καί
227 2652 373 2737 κελεύων
383 2652 502 2722 ἑαυτὸν
513 2660 558 2733 είς
569 2657 733 2724 Διονύσια
743 2672 941 2743 χειροτονεῖν
951 2659 1106 2743 ἐπιμελη-

161 2749 232 2837 τήν,
244 2746 266 2836 ή
277 2749 380 2818 τᾶλλα
391 2750 498 2819 πάντα
509 2751 572 2820 ὅσα
582 2763 728 2840 τοιαῦτα,
740 2755 842 2824 ἐύσω·
865 2755 906 2832 ού
915 2755 980 2842 γδρ
992 2754 1104 2840 ιἰγνού

160 2846 272 2935 τοῦδ’,
294 2846 345 2916 ὅτι
360 2875 405 2940 τφ
390 2849 476 2936 μὲν
487 2853 780 2976 ἐπηρεαζομένμ’
743 2880 800 2921 τοτ
803 2852 893 2939 ’ἐμοὶ
905 2856 961 2922 καὶ
971 2851 1104 2942 ὑβριζο-

159 2953 248 3037 μένφ
270 2946 332 3036 τήν
352 2946 459 3036 αύτήν
478 2946 583 3037 ὀργήν
603 2952 742 3019 ἕκαστον
761 2952 890 3020 τούτων
905 2951 1010 3048 ἥνπερ
1027 2950 1102 3022 ἄλλ’

147 3046 275 3115 ὁτιοῦν
291 3073 359 3115 των
375 3049 573 3172 δεινοτατφν
588 3057 744 3137 παρίστη,
766 3050 892 3138 ύμῑνδὲ
903 3066 970 3131 τοῖς
980 3052 1101 3136 ἄλλοις,

159 3150 220 3264 ἐξφ
229 3154 291 3214 τοῦ
301 3171 489 3241 πραγματος
499 3142 606 3235 ούσιν,
618 3147 682 3218 ούιι
693 3176 736 3217 αν
746 3160 823 3229 ίσοις
832 3149 905 3230 ι’ίξια
914 3159 1016 3219 ταῦτα
1025 3145 1102 3220 καθ’

161 3239 244 3311 αὑτὰ
256 3270 385 3365 αγφνος
395 3253 528 3333 φανείη·
552 3245 662 3316 αλλ’“
639 3276 661 3316 α
672 3248 791 3328 πύντες
801 3245 844 3316 διν
859 3247 980 3335 ὁμοίως
996 3248 1103 3319 ιἰκού-

119 3357 152 3412 16
164 3340 278 3422 σαντες
295 3341 570 3431 ἀγανακτήσαιτε,
591 3354 672 3416 ταῦτ
678 3345 776 3430 ’ἐροὶ
810 3345 920 3415 ἔστιδ’
933 3345 1102 3436 ὑπερβολή

161 3449 229 3511 τῶν
245 3468 325 3530 μετα
336 3469 440 3512 ταντα
464 3437 488 3510 δι
508 3447 615 3532 μελίαι
626 3452 750 3534 λεγειν,
772 3448 827 3514 καὶ
837 3440 946 3517 ονδ
924 3472 967 3513 αν
979 3449 1104 3533 ἐπεχεί-
