2318 3894
119 204 162 271 ιο
344 201 858 295 αιμπειιιιοεοιιιιονε

119 368 174 436 καὶ
184 365 295 445 δόξαις
305 365 489 451 διιόριστιιι·
504 385 598 449 κοινγ
585 357 662 428 “6’
646 389 667 446 6
676 346 857 440 πόλιςιιαίὸ
869 359 1002 448 δῆμος”
982 382 1071 442 οστις

120 461 164 534 66
175 463 279 584 αὐτόν
290 458 329 533 εὖ
340 489 418 550 ποιγ
406 464 483 530 καί
494 462 596 580 σάζχγ,
618 464 718 528 τούτο
731 457 762 533 δ’
775 459 816 526 ού
828 464 914 546 γένει
925 462 980 527 καὶ
992 462 1070 548 δόξῃ

119 568 186 633 λδοι
196 591 245 643 τις
255 589 313 644 αν,
335 561 409 629 άλλ’
421 565 513 648 ἔργα.
547 585 628 626 οταν
639 585 700 642 μεν
711 584 774 625 ουν
790 551 830 655 εὖ
838 559 983 644 πάσχειν
1002 563 1070 645 δέχ,

48 645 59 660 ⁸
119 660 181 731 τόν
198 658 405 748 βουλόμενον
421 650 460 724 εύ
477 671 583 724 ποιεῖν
601 654 686 743 ἡμᾶς
703 650 860 742 ἐάσομεν,
883 656 1019 725 ἐπειδάν
1037 660 1072 725 δὲ

120 760 302 846 πάθωμεν,
318 756 392 824 τότε
402 754 464 842 τὴν
475 753 570 834 άξίαν
580 763 641 821 τοῦ
652 754 850 840 ποιήσαντος
860 756 1070 842 σκεύόμεθας

119 855 181 925 οὐκ
193 858 235 941 άρ
242 855 374 942 ’ὀρθῶς
385 854 647 942 βουλευσόμεθα.

76 980 111 1034 58
201 953 297 1028 Ἀλλδι
315 950 356 1040 νὴ
375 951 430 1021 Δί
451 944 545 1020 οὗτοι
567 950 666 1038 μόνοι
685 958 783 1019 τοῦτο
808 958 993 1038 πείσονται,
1016 957 1070 1022 καί

120 1055 194 1136 περὶ
205 1053 334 1120 τούτων
343 1050 458 1136 μόνων
469 1057 627 1136 ποιοῦμαι
638 1049 739 1133 λόγου
749 1057 918 1121 τοσοῦτον,
942 1059 1068 1120 πολλοῦ

16 1145 21 1153 ’
118 1177 156 1237 γε
167 1153 221 1219 καὶ
234 1153 305 1217 δέω.
329 1147 411 1217 άλλά
424 1149 549 1229 πάντας
559 1148 619 1235 μὲν
632 1146 703 1214 οὐδ
715 1143 990 1236 άνέγχειρήσαιμι
1002 1153 1069 1230 ἐξε-

118 1252 243 1333 τάζειν,
255 1246 328 1315 ὅσοι
340 1247 553 1333 πεποιηιιότες
564 1243 650 1332 ύμάς
662 1239 701 1314 εύ
713 1247 767 1314 διὰ
779 1245 839 1314 τὸν
849 1251 955 1333 νόμον
962 1299 971 1332 ,
985 1254 1016 1316 εί
1024 1246 1067 1333 μὴ

119 1348 316 1436 λυθήσεται,
338 1344 377 1413 τά
397 1343 530 1413 δοθέντ’
543 1344 851 1431 άφαιρεθήσονται·
873 1350 911 1414 δν
927 1343 1067 1432 δὲῆδύο

91 1489 95 1493 .
119 1452 225 1528 δείξας
242 1451 289 1513 ἔτι
305 1452 496 1530 ψηφίσματα
514 1442 760 1537 ἀπαλλάττομαι
776 1453 838 1512 τού
855 1446 1068 1532 περὶτούτων
1089 1512 1093 1520 ,

75 1547 234 1629 εθλέγειν.
267 1549 365 1609 τούτο
384 1540 445 1626 μὲν
461 1548 577 1609 τοίνυν
590 1548 733 1620 Θασίους
750 1541 828 1621 τούς
838 1542 908 1629 μετ’
926 1542 1069 1628 Ἐκφάν-
1086 1628 1089 1632 ,

90 1689 91 1692 =
117 1668 197 1726 τον,
210 1649 279 1720 πῶς
290 1639 352 1708 ούιι
364 1637 552 1726 άδικήσετε,
564 1636 624 1707 666
636 1637 825 1726 άφαιρῆσθε
835 1639 897 1726 τὴν
907 1639 1067 1726 ἀτέλειαν,

119 1746 154 1809 οἳ
178 1739 383 1823 παραδόντες
404 1735 485 1823 ὑμῖν
507 1739 620 1804 Θάσον
642 1741 696 1805 καλ
716 1737 778 1824 τὴν
797 1744 1070 1825 Λακεδαιμονίων

120 1833 276 1923 φρουράν
298 1835 377 1922 μεθ’
400 1834 514 1902 όπλων
535 1836 729 1922 ἐκβαλόντες
751 1839 805 1905 καὶ
827 1839 1068 1924 Θρασύβουλον

108 1934 347 2019 ἐἰσαγαγόντες
365 1935 420 2001 καὶ
436 1934 658 2018 παρασχόντες
678 1942 780 2020 φίλην
795 1931 874 2020 ὑμῖν
885 1933 946 2021 τὴν
957 1931 1114 2002 αύτοίνλλῦ

117 2037 259 2118 πατρίδα
277 2043 375 2101 αίτιοι
391 2041 453 2114 τοῦ
464 2035 621 2118 γενέσθαι
632 2034 806 2119 σύμμαχον
817 2033 877 2101 τὸν
889 2036 963 2114 περὶ
976 2033 1067 2120 Θρά-

75 2141 180 2218 6οιιην
191 2130 295 2199 τόπον
306 2129 386 2216 ύμῖν
397 2133 566 2215 έγένοντο;
577 2139 674 2198 τούτο
687 2129 718 2198 δ’
730 2130 895 2218 Ἀρχέβιον
906 2134 960 2198 καὶ
968 2128 1069 2217 Ἡρα-

75 2276 77 2279 -
118 2234 269 2316 πλείδην,
292 2236 327 2298 οἳ
339 2228 522 2310 Βυζάντιον
538 2231 742 2313 παραδόντες
759 2229 987 2317 Θρασυβούλῳ
1005 2255 1068 2298 ιιυ-

117 2333 210 2414 ρίους
228 2326 312 2413 ὑμᾶς
324 2331 481 2415 ἐποίησαν
491 2329 818 2415 τοῦῈλλησπόντου,
843 2328 927 2397 άόστε
938 2327 1069 2415 τὴνδι-

117 2425 223 2512 ιιάτην
241 2424 430 2495 ἀποδόσθαι
446 2428 501 2495 καὶ
511 2428 687 2513 χρημάτων
698 2426 1067 2514 εύπορήσανταςΛαιιε-

116 2529 308 2611 δαιμονίους
317 2522 502 2609 ἀναγκάσαι
512 2527 679 2612 τοιαύτην,
688 2530 762 2594 οἵαν
773 2525 852 2613 ὑμῖν
863 2526 981 2609 ἐδόκει,
993 2550 1069 2593 πον-

116 2622 263 2711 ήσασθαι
275 2620 337 2709 τήν
350 2623 501 2709 ελρήνηνς
525 2617 591 2710 ύν,
611 2619 769 2711 άάνδρες
778 2624 965 2711 Ἀθηναῖοι,
988 2623 1068 2710 μετά
1100 2700 1108 2716 ,

116 2729 199 2790 ταῦτ
204 2718 707 2808 ’ἐκπεσόντωνέςιηφίσασθεῇ
685 2749 785 2809 απερ,
799 2724 905 2810 οἶμαι,
917 2724 1081 2809 φεύγου-Ι

38 2830 41 2843 ’
118 2843 172 2889 σιν
184 2819 368 2942 ευεργίτιμς
380 2818 454 2887 δι
438 2848 523 2906 υμιις
533 2832 696 2910 προσηκε
718 2828 910 2910 προξενίαν,
934 2819 1069 2905 εὐεργε-

117 2904 209 3006 σίαν,
231 2918 380 2988 ἀτέλειαν
397 2915 562 2987 ἁπάντων.
596 2921 664 2989 εἶτα
674 2947 753 2998 τους
763 2918 842 2987 δι
822 2946 909 3006 υμας
920 2944 1069 3005 φενγον

116 3048 174 3100 τας
196 3025 251 3088 καλ
273 3024 405 3097 δικαίας
425 3046 457 3113 τι
479 3018 557 3103 παρ’
582 3017 678 3105 ὑμῶν
701 3016 902 3104 εὑρομένους
918 3017 1070 3102 ἐάσωμεν

117 3117 344 3236 66666666666
364 3125 484 3203 ταῦτα,
507 3117 610 3204 μηδὲν
631 3121 758 3202 ἔχοντες
779 3120 965 3202 ἐγκαλέσας
994 3112 1071 3183 ἄλλ’.

74 3230 106 3285 61
118 3214 288 3303 αλσχρον
266 3243 310 3284 αν
321 3226 380 3303 είιγ
414 3217 555 3302 μάθοιτε
567 3216 602 3283 δε
612 3241 709 3283 τουτο
721 3213 849 3301 μαλιστ
863 3211 908 3281 άν
916 3215 1072 3298 ,ἐκείνας
1107 3297 1109 3303 Ι

119 3321 150 3383 εί
168 3322 359 3399 λογίσαισθε
380 3315 464 3399 πρὸς
484 3313 570 3400 ύμάς
592 3311 730 3392 αύτούς·
755 3323 789 3381 εί
807 3339 891 3390 τινες
908 3313 986 3379 νυνὶ
1003 3337 1072 3378 των

17 3456 20 3462 <
119 3415 263 3500 ἐχόντων
273 3414 413 3483 Πύδναν
424 3410 445 3498 6
458 3416 639 3480 Ποτίδαιαν
649 3410 671 3499 6‘
681 3419 790 3484 τιτῶν
802 3410 912 3478 ἄλλων
928 3417 1071 3498 χωρίων,
