2318 3894
115 234 178 311 1534
313 243 408 301 xxm.
443 238 861 305 ΔΗΜΟΣΘΕΝΟῬΣ

114 399 151 465 δὲ
167 393 212 477 ὥς
227 396 334 469 αδτδν
348 399 441 488 ἄγων
458 399 587 469 ἑαυτόν.
621 403 689 467 ἔστι
701 395 732 467 δ’
744 402 876 478 ἐκείνως
885 398 964 486 μὲν,
987 393 1063 477 ιδςό

84 518 92 578 g
113 496 217 584 νόμος
238 498 362 585 τάττει,
385 504 503 567 δοῦναι
524 502 637 583 δίκην,
658 493 748 566 οὕτω
769 501 821 583 δὲ,
844 493 889 576 ἀς
911 492 936 565 δ’
949 493 1065 583 λαβιδκ

113 596 277 682 βούλεται.
311 607 465 666 πλεῖστον
483 597 519 665 δὲ
530 596 641 682 δήπου
651 597 800 682 διαφέρει
809 594 870 665 τόν
881 594 991 680 νόμον
1000 593 1065 662 κά·

72 706 190 777 δθριον
205 702 263 778 τῆς
278 700 433 778 τιμωρίας
449 688 542 778 ἡτόν
552 691 677 780 ἐχθρόν
686 698 871 779 γίγνεσθαι.
903 699 1065 779 λυμαίνε-

114 800 197 859 σθαι
207 793 243 858 δὲ
243 793 346 877 φησὶ
351 842 362 878 ,
374 792 436 878 μὴ,
448 794 530 878 μηδὲ
539 789 691 859 ἀποινᾶν
723 799 827 858 ταῦτα
838 794 879 859 δέ
885 792 955 859 ἐστι
964 799 1014 872 τί·
1024 788 1061 858 τό

113 892 174 975 μὲν
185 886 225 975 δὴ
238 914 281 974 μη
270 886 514 975 λυμαίνεσθαι
523 887 694 975 γνώριμον
705 885 802 956 ολδ”’
782 915 833 957 οτι
842 895 926 957 τοῖσι
935 885 983 974 μὴ
997 913 1061 974 μα-

113 993 267 1073 στιγοῦν,
289 1013 333 1101 μὴ
322 984 438 1073 δεῖν,
459 985 506 1081 μὴ
525 986 566 1055 τό
581 993 718 1054 τοιαῦτα
732 1000 839 1057 ποιεῖν
849 989 954 1072 λέγει,
974 985 1061 1055 τόδὲ

114 1078 221 1168 μηδ’
203 1107 398 1168 αποινανμη
386 1080 781 1168 χρηματαπραττεσθαι
793 1104 902 1167 ταγαρ
910 1106 1060 1168 χρηματα

75 1177 238 1252 δλάποινα
260 1176 433 1266 ιόνόμαζον
453 1183 488 1247 ολ
508 1187 649 1248 παλαιοί.
669 1178 770 1266 ὁμὲν
785 1178 827 1266 δὴ
845 1177 950 1264 νόμος
969 1175 1058 1246 οὕτω

59 1367 63 1373 Δ
115 1277 176 1346 τὸν
197 1275 413 1398 ἀνδροφόνον
432 1277 538 1346 καὶ
505 1303 564 1346 τον
584 1275 736 1364 ἡλωκότα
755 1276 817 1364 ἤδη
837 1275 999 1362 διόρισεν
1015 1273 1105 1358 όςβθΙ

112 1377 296 1455 κολαστέον
305 1365 426 1443 καλου
443 1370 573 1495 τὴντου
560 1366 900 1459 πεπονθότοςείπεδν
908 1370 1079 1455 πατρίδα,

115 1474 262 1558 καὶπερὶ
280 1468 475 1558 τουμηδέν
492 1468 595 1567 ἀλλον
611 1462 899 1555 τρόπονὴτοδτον
909 1462 990 1552 μηδ’
1001 1463 1061 1533 ἀλ-

115 1578 193 1638 λοθι
204 1567 291 1654 πλην
300 1565 468 1638 ἐνταυθ
452 1590 609 1649 αντιιιρυς
621 1575 759 1652 είρτμιεν
782 1561 848 1633 ὁδδ
857 1560 894 1632 τό
907 1563 1061 1650 ψήφισμα

114 1666 272 1753 γράφων,
286 1670 410 1731 πολλοῦ
419 1689 458 1749 γε
469 1668 528 1749 δεῖ,
540 1660 738 1750 διόρισεν,”
717 1688 755 1742 ος
766 1688 803 1748 γε
814 1660 1061 1739 πάντατοότοις

114 1762 272 1832 τάναντία
289 1771 434 1848 εἴρηκεν·
454 1761 584 1848 γράψας
599 1759 664 1847 γὰρ
675 1762 735 1829 ἐαν
743 1787 792 1839 τις
802 1756 1060 1847 ἀποκτείνμΧα·

71 1878 107 1933 35
116 1864 271 1949 ρίδημον,
294 1856 460 1946 ἀγώγιμος
469 1864 568 1945 ἔστω,
589 1865 686 1947 φησὶ,
710 1857 932 1945 πανταχόθεν.
964 1864 1000 1927 τί
1007 1857 1060 1925 λό-

114 1985 197 2044 γεις;
218 1964 287 2025 τῶν
303 1955 596 2044 νόμωνοάδὲτοδς
615 1955 784 2042 ἡλωκότας
799 1955 965 2032 διδόντων
973 1952 1059 2023 ἀπό·

114 2082 186 2143 γειν
202 2052 290 2141 πλὴν
307 2056 344 2123 ἐν
359 2061 401 2143 τῇ
415 2053 584 2145 ἡμεδαπῇ,
607 2055 650 2124 οὐ
666 2054 805 2143 γράφεις
819 2053 902 2123 ἄνευ
921 2059 1057 2141 κρίσεως

114 2152 188 2225 τινά
199 2151 369 2240 ἀγώγιμον
379 2157 415 2223 ἐκ
425 2162 483 2241 τὴς
500 2160 702 2242 συμμαχίδος
714 2154 840 2247 πάσὴςς
860 2147 915 2221 καὶ
931 2148 1007 2221 οὐδ’
1023 2154 1057 2219 δν

115 2261 157 2343 τῇ
165 2251 320 2341 ἡμεδαπῇ
329 2251 425 2339 ’ἀγειν
441 2253 649 2329 κελευόντων
664 2261 733 2323 τῶν
748 2252 879 2340 νόμων,
900 2250 945 2320 σδ
962 2255 1056 2329 δίδως

116 2350 209 2439 ἀγειν
220 2352 450 2439 πανταχόθενς
471 2356 527 2423 καὶ
542 2355 609 2441 μὴν
619 2360 656 2422 ἓν
667 2379 704 2439 γε
715 2360 760 2443 τῷ
771 2366 878 2421 ποιεῖν
888 2349 1074 2438 ἀγώγιμονΙ

115 2450 220 2520 πάνθ’
246 2451 321 2521 ὅσα·
337 2450 516 2537 ἀπείρηκεν
544 2451 562 2529 ὁ
586 2450 689 2536 νόμος
723 2455 883 2538 δέδωκας,
910 2450 1058 2538 χρήματα

43 2568 45 2572 “
115 2535 321 2634 πράξασθαι,
338 2553 443 2627 ζῶντα
453 2555 689 2633 λυμαίνεσθαι,
708 2556 850 2633 κακοῦν,
867 2553 986 2634 ἔχοντα
996 2543 1057 2616 αδ-

72 2642 176 2714 δδτδν
191 2643 438 2713 ἀποκτιννύναι.
473 2651 544 2722 τοῖς
561 2636 625 2712 οὖν
641 2643 685 2714 ἀν
693 2672 741 2725 τις
750 2654 878 2732 μᾶλλον
888 2647 1056 2731 ἐλεγχθείη

115 2740 291 2829 παράνομα
306 2741 445 2826 είριμιδς
459 2736 562 2826 ἡπιλς
572 2741 730 2829 δεινότερ’
742 2739 786 2811 ἀν
796 2741 937 2829 γράφων
946 2740 970 2829 ἡ
979 2748 1059 2819 τοΐε-

114 2863 175 2907 τον
195 2837 256 2906 τόν
274 2837 415 2922 τρόπους
437 2836 475 2917 δς
495 2843 591 2909 δυοῖν
611 2837 844 2928 ὑποκειμένοιν
866 2839 1057 2928 όνομάτοιν,
1082 2900 1086 2911 .

114 2932 198 3006 κατά
206 2938 268 3025 μὲν
276 2943 345 3014 τῶν
356 2930 500 3027 δνάἰτίμ,
512 2938 571 3008 ἐάν
582 2958 630 3020 τις
639 2935 933 3029 ἀποκτείνὴ,·κατά
944 2940 982 3010 δὲ
991 2945 1060 3009 τόν

113 3030 310 3127 ἡλωκότων,
345 3033 405 3103 ἐάν
420 3061 468 3116 τις
484 3029 742 3125 ἀνδροφόνοςὴ,
764 3041 801 3105 ἐν
810 3037 872 3123 μὲν
881 3043 923 3125 τῇ
931 3056 1061 3124 προση-

112 3132 257 3221 γορίατδ
269 3130 402 3218 τοδτὴν
412 3139 520 3205 αἰτίαν
530 3141 659 3221 ἔχοντος
670 3141 784 3223 ἔλαβες
796 3133 919 3222 ὄνομα,
940 3134 1060 3223 τὴνδδ

1 3269 2 3275 1
112 3227 332 3316 τιμωρίαν,“
309 3257 353 3316 ην
369 3228 447 3302 οὐδὲ
463 3232 546 3302 κατά
558 3260 626 3302 των
635 3235 895 3322 ἐξεληλεγμενων
905 3233 1061 3305 διδόασιν

112 3327 202 3397 οδ·’
112 3352 275 3414 ονομοι,
299 3328 425 3417 ταότην
439 3332 535 3399 κατδι
537 3358 606 3399 των
617 3329 760 3423 ἀκρίτων
769 3339 937 3419 ἔγραψας,
953 3336 1011 3403 καί
1020 3329 1061 3401 τό

112 3427 214 3512 μέσον
238 3425 366 3518 τούτων
390 3431 513 3527 ἐξεῖλες.
555 3431 658 3516 μέσον
679 3431 744 3518 γάρ
769 3435 857 3501 ἐστιν
877 3437 984 3513 αίτίας
1004 3435 1062 3528 καὶ
