2318 3894
234 264 377 328 ΚΑΤΑ
398 253 855 326 ΑΡΙΣΤΟΚΡΑΤΟῬΣ.
932 260 1017 327 -177
1085 347 1088 353 .

65 435 194 496 σεσθαι.
229 420 467 493 εἶτ”Ολύνθιοι
483 425 545 508 μὲν
560 431 650 490 ἴσασι
667 421 706 490 τδ
725 426 846 509 μέλλον
856 430 1017 508 προορᾶν,
1105 470 1111 475 -

63 523 156 611 ύμείς
177 520 250 591 δὲ”
230 547 323 601 οντες
335 519 507 609 Ἀθηναῖοι
524 517 625 589 τάύτδ
644 528 725 590 τοῦτ
729 518 829 608 ’σύχλ
849 522 1016 609 ποιήσετε,

64 621 132 692 ἀλλ’
141 620 277 708 αίσχρον
288 646 366 699 τους
375 646 420 712 τω
404 622 505 704 περὶ
516 644 717 706 πραγμάτων
727 622 925 689 ἐπίστασθαι
933 628 1018 728 βου-
1075 708 1080 714 .

62 721 248 795 λεύσασδαι
275 723 458 798 δοκοῦντας
484 711 678 804 προέχειντ
654 744 755 805 ηττον
771 716 910 788 ’ίΟλυνδ
896 729 958 788 ίων
978 705 1015 789 τά

63 824 236 906 συμφέρον
251 813 560 938 ἑίδόταςόφβήναι.
886 850 889 856 ·
1025 830 1078 888 657

10 928 53 982 ,10
142 915 270 984 Ἀκούει
281 922 397 984 τοίνυν
407 912 512 983 αὐτὸν
528 917 583 983 καὶ
599 917 754 985 τοιοῦτόν
768 944 821 985 τιν
825 916 953 1037 ’ἐρεῖν
941 897 1016 983 ἦ·

64 1040 182 1103 γου,ο
165 1011 237 1082 οἷον
256 1015 311 1081 καὶ
327 1012 492 1133 πρότερόν
508 1035 586 1079 ποτε
594 1009 826 1100 Αριστομαχος
836 1038 902 1100 παρ
933 1011 1015 1100 ὑμῖν

63 1111 312 1201 ἐδημηγόρει,
289 1139 333 1190 ως
342 1108 405 1179 οὐκ
417 1108 537 1178 ἔστιν“
516 1133 605 1189 οπεος
615 1115 693 1180 ποτὲ
703 1114 998 1197 Κερσοβλέπτήςί
962 1136 982 1175 α
995 1149 1016 1161 -

10 1236 12 1242 ’
63 1209 415 1298 ρήσεταιΧερρόνησου
423 1205 617 1292 ἀποστερεῖν
625 1212 798 1294 ἐπιχειρῶν
808 1208 927 1294 ἐχθρὸς
936 1205 1016 1293 ὑμίν

64 1310 162 1378 είυαι·
185 1306 264 1377 οὐδὲ
280 1307 344 1394 γάρ
362 1313 392 1375 εἰ
406 1307 503 1393 λάβοι
520 1308 575 1374 καὶ
596 1307 768 1392 κατάσχοι,
791 1305 1016 1391 λυσιτελήσειν

63 1405 164 1498 αύτῷ.
198 1410 233 1475 ἐκ
245 1411 305 1494 μέν
315 1404 349 1491 6³
362 1408 488 1491 ἐκείνης
499 1399 562 1470 οὐκ
573 1408 663 1471 ἔστιν
672 1400 757 1490 ὑπὲρ
768 1404 947 1492 τριάκοντα
957 1403 1018 1470 τά-

63 1503 203 1591 λανταή
222 1503 385 1589 πρόσοδος
402 1500 445 1589 μή
465 1505 734 1588 πολεμουμένης,
753 1507 784 1570 εί
797 1501 1018 1588 πολεμήσεται

64 1605 116 1687 δὲ,
138 1602 251 1672 οὐδέν·
276 1605 312 1671 ἐκ
330 1602 366 1688 δὲ
381 1610 449 1669 τῶν
460 1602 643 1687 ἐμπορίων,
665 1596 688 1667 6
698 1597 766 1668 τότ’
781 1595 1014 1686 άυκλεισδείή,

63 1712 158 1771 πλεῖν
174 1699 196 1789 6
213 1701 384 1786 τριακόσια
402 1698 546 1767 τάλαντά
558 1695 676 1784 ἐστινὴ
689 1699 869 1785 πρόσοδος·
890 1696 974 1766 ὥστε
984 1702 1017 1766 τί

60 1802 265 1890 βουλόμενος
281 1797 381 1885 μικρά
401 1795 583 1886 λαμβάνειν
599 1800 654 1866 καὶ
670 1807 825 1886 πολεμεῖν
841 1794 885 1867 άν
896 1800 1014 1884 ἕλοιτο,

61 1899 138 1980 ἐξὸν
154 1897 194 1966 τά
209 1905 309 1966 πλείω
326 1900 382 1966 καὶ
398 1904 493 1983 φίλος
508 1895 609 1983 εἶναι,
632 1896 817 2017 θαυμάζειν
838 1896 1012 1982 φήσουσιν.

10 2011 50 2064 ,11
62 1995 125 2082 66
130 1990 177 2064 '⁵6
192 1993 255 2064 ούκ
273 1993 386 2081 άπορω
375 1997 460 2082 μὲν
471 2001 574 2064 είπείυ
586 1993 752 2118 60666,“
730 2022 750 2062 6
763 2020 819 2082 μοι
830 1999 1015 2116 δοκείμρῖλ-

61 2094 156 2164 λον”
133 2123 176 2163 αυ
186 2122 235 2175 τις
248 2096 330 2163 6666
346 2091 496 2163 άπιστεῖν
513 2089 687 2174 είκότως”
664 2121 685 2181 6
703 2095 833 2216 τούτοις
849 2094 1015 2162 πιστεύων

61 2178 188 2262 ίκείνδυ
206 2198 265 2262 ἐάν
282 2195 386 2279 μέγαν
403 2201 595 2318 666666666·
618 2191 660 2262 06
667 2192 743 2281 μήν
757 2191 829 2262 ἀλλ’
845 2191 1015 2314 δμάλιστα

60 2295 237 2379 πρόχειρον
248 2296 320 2378 ἔχω,
333 2290 422 2360 τοῦτ’
436 2296 510 2378 666.
532 2303 600 2362 ίστε
612 2293 721 2385 δήπου
728 2298 904 2378 Φίλιππον,
917 2284 944 2359 6
955 2291 1016 2358 66-

61 2398 138 2476 δρες
145 2390 329 2478 Ἀθηναῖοι,
344 2389 521 2460 τουτονὶ
487 2419 546 2460 τον
556 2391 756 2479 Μακεδόνα,
769 2418 796 2482 ῳ
783 2383 896 2459 πολύ
906 2390 1014 2477 δήπου

37 2525 41 2532 ·
59 2497 186 2576 μᾶλλον
202 2487 432 2558 ἐλυσιτέλει
396 2515 453 2569 τας
470 2487 536 2570 6‘
519 2489 647 2578 απάσής
657 2443 871 2569 Μακεδονίας
890 2488 1015 2575 προσό
1033 2551 1037 2558 .

59 2593 139 2667 δους
155 2584 259 2666 άδεεῖς
277 2584 499 2675 λαμβάνειυή
519 2586 599 2675 μετὰ
622 2589 793 2658 κινδύνων
812 2586 871 2668 τὰς
891 2585 944 2669 6’
940 2597 1016 2674 Αμ-
1124 2652 1125 2657 ,

60 2687 241 2772 φιτόλεως,
263 2689 318 2755 καὶ
332 2695 478 2808 ήρήσθαι
489 2689 617 2773 ’φίλους
629 2686 846 2809 αίρετοήτερον
862 2679 907 2773 ήν
923 2684 1013 2775 αὐτῷ

59 2799 127 2865 τοῖς
144 2801 311 2871 πατρικοις
329 2784 439 2873 ὖμιυη
424 2781 643 2871 ”Θετταλοις’,
666 2782 744 2855 οἳ
709 2812 769 2863 του
781 2781 894 2871 πατίρ’
908 2783 1013 2853 αὐτοῦ

15 2882 133 2952 12606'
155 2887 319 2970 ἐξέβαλον.
354 2883 437 2952 ἄνευ
454 2883 518 2969 γάρ
534 2910 656 2952 τουτου
666 2883 802 2952 κακεῖνο
813 2888 902 2951 ἔστιν
915 2889 1012 2952 ίδείν

59 2980 154 3069 ὑμεῖς
170 2975 297 3069 μὲν,
270 3009 295 3049 οι
315 2981 434 3066 ἅνδρες
447 2980 634 3073 Ἀθηναῖοι,
656 2980 779 3055 ούδέυα
799 2981 1014 3104 προύβήκατε

60 3082 193 3148 πώποτε
205 3088 402 3167 τῶνφίλων,
415 3083 571 3149 Θετταλοὶ
582 3077 751 3149 δδούδίνα
762 3077 924 3148 πώποθ’
911 3077 1011 3148 ύντιύ

59 3178 111 3248 ού.
135 3176 236 3249 ἀλλ”
215 3206 305 3266 ομως
315 3204 420 3257 ουτως
429 3178 572 3264 ἐχουτωυ
582 3204 711 3248 τουτων
721 3205 821 3265 μικρα
810 3177 1015 3267 λαμβαυειν

59 3281 113 3346 καλ
126 3280 206 3358 τοὺς
217 3277 428 3364 άπίστουςφί
425 3285 504 3358 λους
513 3277 615 3347 καίεο
634 3278 844 3348 κινδυνεύειν
861 3278 934 3347 ἀντὶ
953 3287 1015 3347 τοῦ

13 3396 46 3452 13
58 3402 118 3463 μετ
122 3376 329 3463 ’ἀσφαλείας
346 3373 437 3462 ζῆν’
422 3385 522 3474 οράτε
539 3381 771 3498 προῃρημένον
783 3375 895 3446 αύτόυ.
929 3382 963 3443 τί
971 3376 1014 3462 δή

58 3472 134 3543 ποτ’
157 3485 279 3556 πλειους
303 3471 345 3541 ού
363 3474 428 3562 γάρ
448 3474 489 3562 66
511 3475 615 3560 λόγον
629 3498 668 3561 με
682 3474 719 3542 τδ
739 3481 876 3562 πρᾶγμα
890 3471 1077 3542 οὑτωσ1658

100 3570 861 3625 Demosth.v01.11·12
920 3576 925 3583 '
