2318 3894
252 267 394 329 RATA
417 265 813 371 νιαοτιοκνονν.
945 262 1006 327 νιε
1064 234 1070 242 “
1101 239 1107 249 ’

61 428 127 499 ἄλλ’
141 425 182 498 οό
192 428 416 515 Τιμοκράτης,
422 425 492 495 ἀλλ’
505 424 595 504 ὅπως
607 425 695 493 διπλᾶ
705 425 777 512 μὲν,
795 422 818 494 6
831 431 883 494 δεῖ
891 430 1011 492 διπλοῖ·

61 552 128 616 σια,
137 528 368 614 καταθησουσι
378 525 622 613 παρεσκευασε,
639 521 748 608 μηδΗ
731 548 847 591 οτιουν
864 521 894 591 δ
909 528 1010 591 ἐπιτί-

10 646 52 698 116
61 654 137 716 μιον
148 633 238 696 ἔσται
249 626 334 711 πρὸς
343 627 481 704 τούτοις.
504 619 608 692 καῖ’
568 647 631 690 ουκ
643 620 829 707 ἀπέχρησεν
846 618 930 741 ὑπὲρ
943 628 1011 688 τῶν

61 728 250 815 μελλοντων
260 751 351 812 αυτω
362 731 443 791 ταῦτ
446 721 576 792 ἀ’δικεῖ
562 735 605 806 ν,
614 716 698 788 σιλλα
709 724 763 788 καὶ
775 729 809 788 εί
814 746 862 797 τις
873 717 915 805 άρ
914 714 1012 804 ’ἠδι-

60 824 169 912 κηκοδς
189 825 430 909 κεκολασμένος
448 813 508 908 ἦν,
530 821 585 887 καὶ
601 825 722 886 τοῦτον
734 815 872 904 α’φῆκεν.
905 823 1012 884 καίτοι

61 921 188 1009 ἔγωγ’
168 924 261 1012 ηίμην
277 926 348 989 δεῖν
363 919 425 989 τὸν
440 923 691 1004 νομοθετοῦντα
707 918 859 1002 περὶτῶν
869 914 1010 1002 μελλόν-
1019 933 1069 990 737
1123 978 1128 989 .

61 1050 129 1090 των
147 1029 338 1104 ἒσεσδαι,ο
321 1015 374 1088 οἷα
391 1023 444 1086 δεῖ
456 1011 746 1111 γίγνεσθαικαὶ
722 1039 767 1092 ως
783 1014 903 1080 ἕκαστα
915 1019 1016 1099 ἔχειν,

63 1119 168 1187 καὶ
133 1146 191 1198 τας
212 1125 367 1204 τιμωρίας
384 1114 501 1194 ὁποίας
525 1113 617 1193 τινὰς
637 1117 680 1199 ἐφ
678 1111 858 1190 ’ἑκάστοις
876 1117 928 1179 δεῖ
945 1127 1012 1191 τοῖς

64 1214 304 1301 άδικήμασινί
274 1242 289 1282 ε
302 1241 368 1297 ναι,
380 1211 596 1300 περὶτούτων
606 1220 811 1298 νομοθετεῖν.
840 1217 937 1277 τοῦτο
949 1209 1013 1295 γάρ
1060 1227 1065 1236 ’

63 1319 132 1406 ἐστι
148 1310 184 1380 τό
201 1310 249 1398 ἐφ’
262 1312 365 1379 άπασι
385 1325 453 1390 τοῖς
475 1318 622 1388 πολίταις
637 1308 772 1388 κοινοὺς
789 1308 868 1387 τοὺς
890 1307 1013 1394 νόμους

62 1414 201 1479 τιθέναι.
235 1407 275 1478 τό
292 1408 329 1478 δλ
345 1411 420 1494 περλ
436 1416 505 1477 ταῖν
528 1407 719 1496 γεγονότων
735 1407 938 1494 πραγμάτων
952 1407 1013 1475 νό-

62 1534 146 1595 μους
155 1533 301 1593 γραφειν
310 1505 557 1594 ουνομοδετεῖν
567 1508 664 1592 ἐστίν,
673 1504 842 1586 αλλατους
854 1505 1012 1576 αδικουν-
1047 1555 1049 1559 -
1103 1504 1105 1507 ’

10 1620 52 1676 17
63 1634 121 1686 τας
131 1605 254 1685 σωζειν
277 1603 472 1691 σκοπεῖτεδ
476 1602 673 1693 ωςαληδη
683 1610 779 1692 λέγω,
792 1611 828 1676 ἐκ
840 1612 949 1676 τωνδί
984 1613 1014 1675 εί

63 1703 198 1792 μὲυγάρ
208 1700 394 1808 Εὐκτήμων
409 1703 478 1790 ἥλω
498 1705 561 1792 την
571 1732 641 1773 των
650 1707 854 1794 παρανόμων
865 1698 1011 1794 γραφὴν,

63 1804 125 1872 οὐκ
142 1801 185 1882 6v
199 1811 300 1924 ἔθηκε
313 1829 437 1874 τουτον
451 1806 513 1873 τόν
529 1806 637 1892 νόμον
653 1803 670 1875 6
687 1805 910 1894 Τιμοκράτης,
932 1803 1007 1874 οὐδ’
1048 1858 1051 1862 -

64 1900 113 1970 άν
125 1901 261 1971 ίδεῖτο’
244 1930 265 1990 η
283 1902 377 1983 πόλις
393 1905 587 1973 τούτουτοῦ
598 1907 724 2028 νόμον,
746 1904 815 1975 ἀλλ’
829 1902 989 1992 ἐξήρκει
968 1932 1011 1974 αν

63 1999 174 2079 αυτοῖς
185 1999 423 2090 αττεστερηκοσι
433 2031 496 2090 την
506 2003 604 2099 πολιν
615 2031 654 2074 τα
662 2030 811 2095 χρηματα
821 2015 889 2075 τῶν
900 2005 1016 2078 αλλων

62 2101 105 2186 μὴ
118 2108 322 2194 φροντίζειν..
333 2111 399 2170 νῦν
412 2100 457 2186 δ’,
469 2103 581 2190 ἐπειδὴ
593 2103 754 2192 ἀπέφυγε,
770 2103 807 2174 τό
820 2104 881 2191 μὲν
891 2100 1011 2189 ὑμέτε-

62 2225 124 2282 ρον
141 2197 249 2283 δόγμα
266 2201 319 2265 καλ
339 2198 401 2285 τήν
418 2209 480 2267 τοῦ
497 2206 711 2289 δικαστηρίου
727 2211 843 2288 ψῆφον
860 2201 1011 2279 καὶτοὺς
1081 2279 1084 2284 ¹

62 2297 184 2374 ἄλλους
194 2295 320 2379 νόμους
332 2294 481 2381 άιιόρονς
492 2309 594 2368 οῖεται
605 2305 675 2368 δεῖν
686 2297 780 2384 εἶναι,
793 2295 946 2370 αὑτὸνδὲ
956 2301 1012 2368 καλ

10 2394 122 2464 ,18τδν
137 2393 245 2463 αὑτοῦ
260 2395 367 2481 νόμον
382 2396 510 2485 κόριον.
545 2405 668 2482 καίτοι,
691 2389 719 2466 6
739 2397 957 2484 Τιμόκρατες,
980 2400 1034 2464 σί-

17 2577 20 2581 ,
63 2492 154 2582 „zv”
129 2521 227 2574 οντες
237 2491 315 2590 ἡμῖν
326 2495 437 2580 κόριοι
449 2496 547 2584 νόμοι
558 2497 712 2565 τουτουσὶ
729 2501 864 2564 ποιοῦσι
874 2502 1013 2580 κυρίους

63 2592 236 2676 ἁπάντων,
258 2581 313 2662 καλ
326 2594 477 2663 διδόασιν
488 2593 601 2674 αὐτοῖς
617 2592 818 2680 ἀκούσασιν,
841 2591 958 2664 ὁποῖον
969 2592 1018 2662 ἄν

62 2719 93 2760 τι
103 2697 257 2776 νομίζωσι
266 2719 303 2761 το
294 2691 479 2781 άδίκημα,
497 2692 634 2781 τοιαύτη
652 2695 727 2780 περὶ
738 2719 800 2763 του
786 2691 1013 2814 ἠδικηκότος

64 2797 209 2872 χρησδαι
220 2817 259 2878 τη
270 2817 370 2880 οργη,
390 2797 473 2880 μίγα
484 2790 759 2880 μεγαλη,μικρον
775 2800 885 2882 μικρᾷ.
930 2791 1012 2860 όταν
1055 2826 1061 2845 ·

64 2879 161 2972 γάρῇ
177 2889 196 2954 ό
214 2914 244 2955 τι
259 2886 487 2976 χρήπαθεῖνῆ
498 2889 669 2976 άποτῖσαι,
687 2888 727 2958 τό
745 2899 844 2974 τιμάν
860 2893 919 2958 ίττλ
929 2889 1011 2957 τού-

10 3001 51 3055 19
61 3009 130 3062 τοις
145 2990 299 3070 γίγνεται.
332 2988 375 3054 σύ
392 2997 508 3057 τοίνυν
524 2989 562 3057 τὸ
580 2998 704 3056 παθεῖν
721 2987 873 3074 ἀφαιρεῖς
884 2987 943 3054 τόν
955 2987 1011 3054 δε-

61 3082 281 3170 σμόνάφιείς·
303 3087 562 3168 καλταῦτατίσις
583 3101 651 3166 τοῖς
661 3088 830 3171 κλέπταις,
843 3099 911 3163 τοῖς
921 3088 1012 3168 ίερσ-

61 3182 174 3261 σάλοις
204 3198 272 3263 τοῖς
300 3192 529 3269 πατραλοίαις,
558 3201 627 3264 τοῖς
656 3182 898 3270 ἀνδροφόνοις,
943 3199 1011 3262 τοῖς

60 3277 324 3368 ἀστρατεύτοις,
337 3294 405 3360 τοῖς
431 3281 613 3350 λιπουσι
576 3310 635 3362 τας
646 3283 767 3364 τάξεις
794 3305 935 3361 τουτους
944 3309 1009 3369 γαρ

61 3376 188 3457 πάντας
199 3378 311 3458 σιόζεις
324 3386 371 3466 τῷ
388 3378 499 3468 νόμῳ.
528 3380 671 3450 καίτοι“
651 3401 741 3460 οστις
759 3382 796 3448 ἐν
807 3374 1009 3465 δημοκρατία

60 3483 255 3559 νομοθετων
266 3477 345 3564 μήθ’
358 3475 632 3582 δπδρτοῖνίερων
642 3477 722 3567 μηδ’
735 3476 820 3563 ὑπὲρ
831 3504 891 3545 του
880 3476 1013 3562 δήμου
