2318 3894
264 197 406 350 πηνα
426 235 887 335 ΑΡιΣΤοΚΡΑΤονΣ.
987 234 1049 301 ιοο

95 399 228 462 σθωσαι
244 394 370 481 παρόν,
390 397 448 463 καὶ
464 392 676 481 μετάιταῦτα,
699 392 744 474 63
755 395 855 468 οὐδὲν
866 401 1049 467 ἐκελκακον
1117 379 1122 396 ⁸

94 489 158 577 εἶχε
169 505 276 560 ποιεῖν
286 489 383 578 ὑμᾶς,
391 499 481 562 ἔπλει
492 499 591 576 δεῦρο
602 494 703 561 πάλιν
715 485 758 561 οὑ
767 492 924 564 τάναντία
935 501 1049 582 ἔμελλε

94 589 231 672 πράξειν
247 597 287 676 τῇ
300 590 413 676 πόλει,
438 593 494 659 καὶ
504 599 565 659 τοῦ
576 587 620 677 μὴ
633 598 747 677 λαβεῖν
754 588 951 678 Ἀμφίπολιν
962 593 1049 660 πάν-
1128 672 1133 681 ¹

92 713 160 755 των
172 678 270 765 οὗτος
281 689 471 768 αἰτιώτατός
481 693 580 776 ἐστιν,
592 686 751 775 ἀκηκόατ’
763 693 800 759 ἐκ
811 701 868 778 τῆς
878 695 1051 777 ἐπιστολῆς
1125 697 1130 711 '

92 785 148 852 καὶ
158 790 216 869 τῆς
226 790 416 873 μαρτυρίας.
444 789 500 855 καὶ
508 784 549 854 τά
561 790 623 872 μὲν
637 789 1049 875 πρωτα.τοιαῦτ’ἐσδλτοῖν
1116 800 1119 810 '

92 888 200 967 ἔργων
211 889 279 950 τάν
289 884 502 970 Χαριδήμου,
514 882 594 969 μετά
608 892 713 952 ταῦτα
724 885 759 954 δὲ
771 884 854 958 ἄλλα
865 886 1048 955 θεάσασθε.

26 996 85 1061 '153
93 976 217 1066 χρόνου
235 979 299 1064 γάρ
318 979 510 1059 διελθόντος
527 984 583 1049 καὶ
598 989 660 1049 τοῦ
676 987 822 1068 πολέμου
840 981 924 1069 πρὸς
934 983 1050 1054 Κότυν

94 1102 190 1154 ουτος
199 1075 273 1162 ηδη,
281 1079 400 1164 πέμπει
411 1078 494 1163 πρὸς
505 1105 591 1165 υμας
601 1081 776 1167 ἐπιστολην
783 1088 926 1167 (μαλλον
938 1079 964 1149 δ
976 1079 1049 1168 οὐχὶ
1133 1150 1136 1155 ,

94 1172 177 1256 πρός
189 1171 284 1261 ὑμᾶς,
295 1171 377 1242 άλλά
387 1174 471 1270 πρός
481 1177 734 1263 Κηφισόδοτον
757 1177 845 1246 οὑτω
857 1175 1011 1264 σφόδρΗ
991 1175 1045 1245 υκ’

94 1272 200 1342 αὑτοῦ
209 1300 247 1394 γε
258 1269 411 1342 οόδ”ἐ
341 1300 383 1340 αυ
395 1274 685 1361 ξαπατηθηναι
649 1303 711 1360 την
722 1275 849 1344 πόλιν“
833 1289 952 1362 ηγεῖτο,
964 1299 1047 1344 συν-

94 1369 223 1450 6663
209 1400 230 1438 α
225 1371 441 1458 πεποίηκεν)
460 1365 531 1438 ἐν
507 1399 529 1460 η
542 1370 922 1458 Χερρόνησονὺπέσχετο
934 1381 975 1461 τῇ
985 1370 1054 1441 πό·Ι
1138 1415 1145 1428 ·

94 1481 143 1540 λει
154 1481 359 1557 κομιεῖσθαι,
382 1471 490 1538 πάντα
507 1470 636 1548 τούτοις
651 1466 796 1537 τάναντί’
810 1467 962 1555 ἐγνωκως
972 1494 1051 1539 ποι-

94 1585 153 1637 εῖν.
176 1567 263 1637 δεῐδ
276 1566 361 1655 ὑμᾶς
372 1566 409 1637 τό
422 1559 554 1655 πρᾶγμ’,
567 1563 638 1637 οἷον
648 1560 702 1656 ἦν,
713 1568 750 1637 τὸ
761 1570 836 1654 περὶ
845 1566 907 1656 την
917 1572 1048 1638 ἐπιστο·

94 1670 156 1755 λὴν
177 1667 319 1736 οἰκοῦσαι
341 1669 409 1755 (καὶ
427 1669 492 1753 γάρ
509 1670 577 1734 ἐστι
592 1668 712 1756 βραχύ)
734 1669 789 1735 καὶ
803 1676 973 1754 θεωρῆσαι
989 1670 1048 1736 τὸν

32 1792 85 1846 154
94 1768 220 1851 τρόπον
231 1765 445 1851 τάνθρώπου,
461 1763 504 1846 63
516 1765 594 1853 ὑμῖν
605 1764 663 1834 ἀπ’
676 1765 777 1853 ἀρχῆς
786 1771 968 1855 κέχρηται.
964 1770 1049 1837 ἐκεῖ·
1058 1768 1114 1836 671’

94 1894 153 1945 νος
170 1864 214 1945 63
231 1863 418 1951 ἀπόμισθος
435 1871 592 1952 γιγνεται
598 1863 697 1948 παρά·
703 1893 764 1934 του
752 1866 1000 1988 Τιμοθέου’
962 1892 1047 1951 τοτε,

96 1963 143 2031 άπ
148 1962 419 2051 ’Ἀμφιπόλεως’
401 1972 593 2052 αναχωράν,
606 1960 722 2051 διαβάς
733 1963 823 2044 εἰς
788 1990 851 2050 την
858 1962 984 2052 Ἀσίαν,
992 1959 1048 2032 διὰ

95 2062 157 2151 τὴν
174 2064 337 2148 σύλληψιν
354 2090 416 2149 την
423 2060 592 2150 Αρταβα
583 2089 608 2129 ω
626 2058 803 2150 συμβᾶσαν
819 2063 893 2132 τότε
904 2061 950 2131 ὑπ
954 2061 1049 2131 ’Ᾱὺ-

93 2163 308 2247 τοφραδάτου
325 2171 445 2248 μισθοι
457 2160 494 2231 ιδ
513 2163 700 2248 στράτευμα
717 2159 826 2230 uat‘
786 2162 890 2233 αυτὸν
901 2176 968 2240 τοῖς
975 2161 1049 2246 Ἀρ-

94 2261 239 2347 ταβάζου
250 2264 438 2345 κηδεσταῖς,
449 2260 563 2347 λαβών
575 2261 610 2330 δὲ
622 2270 745 2340 πίστεις
755 2264 810 2330 καὶ
821 2261 917 2347 δοὺς,
929 2258 1049 2345 6676-

95 2359 198 2446 ρήσας
219 2369 287 2427 τῶν
308 2358 420 2446 ὅρκων
440 2362 496 2446 καὶ
516 2358 668 2448 παραβάς
689 2358 827 2447 αὑτοὺς,
847 2357 1051 2446 ἀφυλάκτων

95 2458 205 2526 όντων
216 2455 261 2536 63
272 2453 316 2525 66
328 2455 411 2542 πρός
423 2465 522 2545 φίλον
531 2466 600 2528 τῶν
611 2463 649 2528 ἐν
659 2467 701 2548 τῇ
710 2459 820 2548 χάρη,
837 2458 1055 2547 καταλαμβάή

35 2583 84 2635 155
96 2582 146 2624 νει
156 2562 291 2677 Σκηψιν
307 2558 363 2624 καὶ
380 2563 538 2646 Κεβρῆνα
554 2560 610 2626 καὶ
617 2554 720 2625 Ἴλιον
737 2555 859 2625 αὐτῶν.
893 2553 1050 2677 ἐγκρατης

97 2654 132 2722 δὲ
142 2679 321 2741 γενομενος
330 2681 460 2725 τουτων
470 2665 538 2725 ταῖν
548 2662 689 2779 χωριφν
691 2665 802 2743 πρᾶγμ
800 2655 927 2725 ’ἔπαθε
937 2662 1050 2725 τοιοῦ-

95 2779 170 2840 τον,
194 2749 266 2822 οἷον
283 2753 344 2842 οὐχ
360 2754 412 2824 ὅτι
423 2754 605 2842 στρατηγός
617 2752 661 2824 άν
671 2755 818 2843 ἠγνόησέ
827 2781 875 2834 τις
887 2753 1030 2823 εἶναι’
982 2782 1051 2842 φα-

96 2873 203 2938 σκων,
225 2852 300 2922 ἀλλ’
313 2851 415 2921 οὐδ”
401 2846 741 2943 οτυχάυάνθρωπος.
776 2845 875 2922 οὐδ’
860 2850 1051 2938 οτιοάνγάρ
1086 2853 1097 2877 ⁴

96 2959 219 3075 χωρίον
239 2957 322 3037 ἔχων
343 2953 394 3020 ἐπι
413 2955 578 3070 θαλάττη,
600 2952 675 3023 οὐδ’
688 2953 773 3024 οθεν
784 2981 826 3020 αυ
836 2963 1052 3038 σιτοπομπίας

95 3051 340 3136 ηὐπόρησετοῖς
351 3050 580 3138 στρατιώταις,
592 3050 668 3121 οὐδ’
683 3078 726 3119 αυ
715 3046 830 3120 σῖτον
841 3056 924 3136 ἔχων
935 3054 972 3117 ἐν
983 3062 1051 3131 τοῖς

96 3154 243 3234 χωρίοις,
267 3146 444 3235 ὑπέμεινεν
460 3154 498 3218 ἐν
523 3164 591 3231 τοϊς
607 3157 726 3237 τείχεσι
742 3153 798 3219 καὶ
813 3147 856 3217 οὑ
866 3148 1050 3236 διαρπάσας
1122 3203 1125 3207 «

98 3247 216 3338 ᾤχετο,
234 3248 345 3332 ἐπειδή
357 3272 395 3333 γε
407 3245 535 3318 άδικεῖν
547 3256 642 3336 ἔγνω.
676 3245 719 3328 63
731 3248 767 3316 δὲ
777 3249 934 3328 συλλέξας
945 3247 1050 3316 6666-
1144 3262 1147 3267 '

97 3374 154 3432 μιν
174 3355 285 3434 παρῆν
302 3343 320 3416 6
335 3344 545 3432 Ἀρτάβαζος,
569 3347 745 3435 ἀφειμένος
762 3345 850 3430 παρά
867 3355 928 3416 τοῦ
938 3345 1049 3414 Αὐτο-

97 3447 288 3534 φραδάτου,
300 3455 347 3542 τῷ
352 3447 418 3534 μὲν
429 3444 576 3535 ὑπῆρχεν
586 3446 787 3533 ἐπισιτισμὸς
798 3449 834 3515 ἐκ
845 3453 902 3530 τῆς
913 3444 1048 3513 ἄνωθεν
