2318 3894
304 106 328 139 Ψ

167 238 228 303 130
379 240 463 297 xxll.
491 232 913 296 ΔΗΜΟΣΘΕΝΟΤΣ

167 428 217 485 ας,
229 397 315 467 καὶ“
295 419 363 488 οσιο
375 399 449 481 περὶ
459 395 582 463 τούτου
592 394 890 480 μᾶλλονίσπούδαζ
889 420 958 497 ενη
944 390 1114 485 Ἰπερλτοό

167 488 724 621 πράγματοςοότνθείητδννόμον.
756 490 968 581 πολλαχόθεν
980 488 1113 583 μὲνοῦν

168 597 212 665 άν
222 624 271 676 τις
283 601 347 664 ίδοι
358 602 467 680 τούτο,
480 591 543 678 οὐχ
553 589 718 679 ἥκισταδ
731 594 767 659 ἐκ
784 594 908 662 τούτου
923 601 987 661 τοῦ
997 594 1112 680 νόμον,

51 732 59 747 ·
168 697 248 783 μήτε
269 699 377 779 λέγειν
398 691 478 778 μήτε
498 693 643 778 γράφειν
663 693 782 771 ἐξεῖναι
804 706 873 772 τοῖς
891 690 1113 780 ἡταιρηκόσιν.

168 792 328 878 ε’άραγάρ
341 795 457 877 ἐκεῖνο,
481 790 609 869 ὅτιτοίς
619 797 752 868 πολλοῖς
761 787 944 876 ύμόνέξόν
955 794 1066 876 λέγειν
1074 789 1113 859 ού

75 952 82 963 .
169 895 296 976 λέγετε,
319 887 508 957 άστετούτ’
528 887 630 959 ούδέν
643 889 753 975 ἡγεῖτο
766 887 871 976 βαρύ,
901 892 958 957 καί
969 888 1061 958 πόλλ’
1073 886 1113 959 άν

169 988 269 1073 εἶχεν,
286 996 324 1054 -εί
337 1013 375 1072 γε
394 987 543 1067 κολάζειν
560 986 716 1074 ἐβούλετο
731 986 887 1073 τούτους,
905 988 1113 1073 χαλεπώτερα

115 1089 290 1158 ’31’θεῑναι.
325 1083 394 1153 ἀλλ’
407 1083 448 1153 ού
461 1083 553 1153 τοῦτ’
567 1085 790 1169 ἐσπούδασεν,
808 1082 891 1153 άλλά
903 1094 1010 1154 ταῦτα
1022 1084 1113 1155 daet-

136 1240 144 1255 .
168 1211 231 1254 πεν
242 1183 327 1271 ὑπὲρ
339 1183 436 1271 ὑμῶν
446 1187 501 1252 καὶ
512 1192 571 1271 τῆς
587 1190 758 1262 πολιτείας.
788 1176 1112 1273 ᾔδειχάρ,ᾔδειτοῑς

168 1292 309 1371 αἰσχρῶς
319 1285 517 1372 βεβιωκόσιν
528 1281 667 1351 ἁπασῶν
684 1276 792 1351 οὖσαν
802 1283 1045 1369 ἐναντιωτάτην
1055 1302 1156 1359 κιο-θοι

98 1442 104 1457 .
167 1392 290 1453 λιτειάν
310 1376 380 1473 ἕνῇ
391 1392 493 1451 πᾶσιν
501 1388 603 1462 ἔξεστι
612 1386 720 1469 λέγειν
729 1377 892 1449 κάκείνων
902 1378 1027 1467 όνείδη.
1049 1386 1112 1449 ἐστι

168 1482 199 1552 δ’
221 1483 303 1569 αύτη
322 1489 385 1563 τίς;
409 1487 618 1567 δημοκρατία.
654 1479 780 1548 ούκουν
796 1479 944 1565 ἐνόμιζεν
959 1477 1111 1565 άσφαλλς,

168 1594 287 1653 εἴποτε
299 1580 501 1667 συμβήσεται
514 1583 673 1665 γενέσθαι
683 1578 828 1666 συχνούς
839 1578 1046 1665 ἀνθρώπους
1054 1604 1112 1648 κα-

167 1680 206 1750 τά
224 1680 302 1759 τούς
320 1679 442 1758 αύτούς
458 1678 600 1765 χρόνους
617 1685 720 1747 εἰπεῖν
736 1680 797 1765 μὲν
814 1676 945 1756 δεινούς
961 1680 1112 1761 καλθρα-

123 1806 158 1860 32
169 1796 244 1866 σεϊς,
255 1779 417 1848 τοιούτοιν
429 1777 459 1846 δ’
474 1777 615 1846 ὀνειδῶν
632 1779 688 1846 καὶ
704 1785 818 1845 κακῶν
835 1776 992 1862 μεστούς·
1010 1774 1111 1844 πολλά

168 1878 232 1964 γάρ
245 1874 290 1955 άν
301 1876 361 1945 τόν
379 1882 486 1964 δῆμον
502 1874 561 1945 ὑπ’
575 1875 688 1945 αὐτόν
705 1875 897 1962 ὑπαχθέντα
913 1878 1112 1962 ἐξαμαρτάν,

166 1974 342 2055 κάκείνους
352 1975 425 2063 ἤτοι
436 1975 656 2062 καταλῦσαίγ’
664 1972 708 2043 άν
718 1983 898 2060 πειρᾶσθαι
907 1975 945 2042 τό
958 1975 1113 2061 παράπαν

166 2074 229 2144 τόν
244 2080 351 2163 δῆμον
370 2078 422 2159 (ἐν
437 2074 502 2161 γάρ
512 2090 583 2155 ταῖς
594 2073 809 2161 ὀλιγαρχίαις,
832 2072 907 2143 οὐδ’
919 2070 964 2142 άν
971 2067 1109 2144 όσινίί

163 2172 401 2260 Ἀνδροτίωνός
410 2200 497 2254 τινες
506 2183 635 2261 αἴσχιον
642 2170 918 2262 βεβιωκότες,ούκ
928 2178 998 2241 ἔστι
1008 2178 1111 2260 λέγειν

157 2280 278 2352 ’κακῶς
288 2270 367 2352 τούς
378 2269 584 2360 άρχοντας)ἦ
595 2274 755 2357 προάγειν
761 2267 804 2338 άν
815 2269 859 2350 ὦς
869 2271 1112 2358 πονηροτάτους

167 2372 267 2459 εἶναι,
288 2369 328 2440 ἵν’
343 2368 388 2450 άς
405 2368 594 2457 ὁμοιότατοι
612 2378 728 2457 σφίσιν
743 2362 815 2437 τίσι.
848 2362 992 2453 τὴνούν
1009 2367 1112 2458 άρχήν

164 2486 234 2549 τοῖς
249 2473 411 2546 τοιούτοις
427 2468 544 2536 άπεῐπε
560 2467 604 2552 μή
621 2472 764 2553 μετέχειν
781 2474 843 2535 τού
859 2468 1110 2554 συμβουλεύειν,

164 2571 220 2634 ἵνα
230 2565 275 2653 μὴ
288 2563 530 2652 φενακισθελςὸ
543 2569 645 2649 δῆμος
655 2564 828 2650 ἐξαμάρτοι
838 2567 952 2651 μηδέν.
983 2557 1036 2633 τόν
1044 2563 1112 2633 du-

164 2660 347 2747 γωρήσαςὸ
364 2662 466 2741 καλός
482 2660 633 2746 κάγαθός
648 2655 746 2742 οὗτος
757 2662 805 2731 ὀύ
821 2665 927 2750 μόνον
942 2664 1027 2752 ᾤετο
1046 2668 1112 2733 δεῖν

165 2761 274 2844 λέγειν
284 2761 340 2827 καὶ
352 2758 496 2846 γράφειν
508 2758 570 2828 οὐκ
582 2759 673 2849 ἐξόν,
696 2759 845 2831 ἀλλὰκαὶ
857 2761 946 2846 παρὰ
963 2760 1112 2842 τούςνότ

164 2882 248 2944 μους
258 2883 361 2925 ταυτα
371 2872 486 2926 ποιεῖν

119 2977 154 3034 33
248 2961 330 3043 Περὶ
342 2958 404 3044 μὲν
413 2966 466 3025 το
464 2984 530 3026 νυν
545 2967 608 3027 τού
623 2961 749 3047 νόμον,
772 2959 882 3029 καθ’
861 2957 903 3028 ὸν
921 2957 1112 3085 βφληκότος

163 3053 270 3124 αότού
285 3063 347 3123 τού
363 3053 528 3148 πατρός
497 3084 543 3124 τοι
530 3062 701 3146 δημοσίμ
713 3059 863 3181 χρήματα
877 3061 933 3128 καὶ
948 3057 1014 3128 ούκ
1023 3061 1112 3126 ἐκτε-
1132 3112 1137 3121 ,

163 3154 292 3234 τικότος
308 3154 372 3224 οὐκ
383 3160 486 3236 ἔξεστι
498 3126 606 3242 λίγειν
623 3157 702 3226 οὐδὲ
717 3159 861 3246 γράφειν
871 3157 990 3245 τούτῳ,
1008 3164 1109 3225 ταῦτα

164 3257 275 3320 δίκαια
286 3251 427 3339 λέγειν”
406 3282 449 3323 αν
459 3261 562 3343 ἔχοιτε
574 3258 719 3343 εἰκότας,
739 3257 798 3326 ἐὰν
809 3283 856 3344 φη
845 3254 973 3324 κεδεῖν
952 3262 1041 3343 ημάς
1049 3251 1112 3322 αύ-

162 3353 222 3419 τόν
233 3353 451 3422 ἐνδεικνύναι.
474 3355 549 3425 τότε
559 3354 624 3441 γάρ
635 3364 734 3424 τούτο
744 3357 936 3443 ποιήσομεν,
950 3350 1109 3443 ούμὰΔί

162 3449 234 3537 οὐχὶ
248 3457 329 3540 νῦν,
346 3448 445 3539 ἡνίκα
457 3457 509 3522 δεῖ
522 3475 559 3522 σε
578 3450 700 3544 ότίρωύ
715 3447 765 3524 οἶν
781 3454 904 3535 άδικελς
921 3452 1109 3524 δοῦναιλό
