2318 3894
212 214 352 275 ΚΑΤΑ
373 215 854 287 ΑΡΙΣΤΟΓΕΙΤΟΝΟΣ
871 217 911 278 A.
975 217 1038 280 289

91 368 136 442 ἀν
152 371 206 440 διὰ
224 383 397 464 τοῦτον,
386 366 415 441 6
430 383 488 461 τῆς
505 383 667 462 σωτηρίας
683 373 766 462 αὐτὴ
786 382 854 444 αίτί
819 403 872 444 τα
884 378 1037 463 ἐγεγόνει.

45 484 80 539 58
90 473 144 540 καὶ
160 470 260 539 ταῦθ’
282 470 327 551 ως
343 470 455 560 ἀληθῆ
471 477 574 557 λέγω,
596 475 689 543 πόλει
702 500 761 594 μοι
776 474 836 542 τὸν
851 474 914 562 τὴν
929 476 1101 563 ταφήνῖὸθ

89 577 151 638 τοῦ
161 568 284 656 πατρὸς
294 567 357 638 οὐκ
369 568 588 660 ἀπειληφότα,
609 571 709 640 καὶ
674 599 734 641 τον
745 580 802 660 τῆς
812 578 846 643 όί
832 583 905 667 ίαης
915 580 1041 662 διαιτη-

87 667 164 756 την,
186 664 229 754 ἡν
247 665 331 754 ὑπὲρ
349 695 405 755 της
422 670 573 754 πράσεως
587 679 645 756 τῆς
660 669 807 758 ἀδελφῆς
823 670 991 759 ἔλαχεν’
949 680 1039 764 αυτῷ

88 765 218 852 οὑτοσὶ,
241 764 350 834 καί
316 793 353 835 το
375 768 519 855 ἔγκλημα
540 771 630 855 φέρε.
663 771 757 838 πόλει
777 773 815 838 66
833 797 890 857 μοι
906 780 1040 858 πρῶτον

88 865 224 931 πάντων
234 861 302 931 τόν
305 872 363 951 τῆς
373 872 502 952 Ζωβίας
512 867 710 954 προστάτην,
722 867 780 955 τῆς
789 866 1037 957 ὑποδεξαμένης

90 960 212 1048 αὐτὸν,
236 961 378 1042 καὶτοὺς
389 963 555 1050 πωλητάς,
579 962 661 1050 πρὸς
672 962 731 1043 οὓς
742 963 911 1052 ἀπήγαγεν
921 965 1036 1054 αὐτήν

89 1058 181 1179 ὑμεῖς
199 1059 232 1127 6'
250 1059 463 1154 ἠγανακτεῖτε
480 1060 615 1148 ἀρτίως,
639 1067 670 1131 ί
639 1086 752 1133 των
768 1061 828 1132 τόν
844 1069 964 1150 ἔρανον
975 1091 1037 1151 φε-

91 1184 219 1242 ροντων
228 1158 316 1237 είς
281 1188 342 1244 την
351 1167 516 1246 σωτηρίαν
525 1186 614 1250 αντω
600 1166 806 1246 κατηγορεῖ
822 1187 952 1247 μιαρον,
960 1189 1037 1248 μιν

90 1253 168 1340 ρόν,
192 1282 217 1322 ω
206 1249 365 1343 ανδρες
360 1265 541 1343 Αθηναῖοι,
557 1284 594 1326 το
584 1257 728 1344 θηρίον
739 1257 824 1325 καὶ
802 1284 947 1345 αμικτον
965 1265 1037 1345 λέγε
1117 1275 1121 1286 ’

88 1381 146 1431 τας
157 1360 347 1444 μαρτυρίας

432 1461 694 1523 ΜΑΡΤΤΡΙΛΙ

42 1557 78 1611 59
175 1560 229 1632 Τίς
247 1546 311 1620 οὖν
327 1551 430 1677 ίπανιξ
443 1550 526 1623 αατά
537 1561 598 1622 τοῦ
610 1561 755 1624 τοσαῦτα
767 1557 822 1624 οιαὶ
832 1561 967 1623 τοιαῦτα
978 1578 1037 1623 πε-

85 1676 259 1737 ποιηκοτος
270 1651 394 1735 γενοιτ
407 1678 451 1720 αν
462 1657 552 1739 όιιιη
573 1659 622 1732 τίς
632 1649 705 1733 ἀξία
716 1660 871 1739 τιμωρία,
889 1654 1036 1732 θάνατος

85 1748 194 1833 μὲν
85 1775 220 1835 μγαρ
233 1754 340 1835 ἔμοιγε
351 1777 452 1837 μινρα
442 1747 625 1836 φαίνεται.

40 1855 78 1907 60
161 1845 221 1914 Εν
229 1856 344 1916 τοιννν
355 1849 456 1917 είπων
466 1853 569 1916 ἔτι
523 1876 592 1923 των
603 1848 748 1919 ἰδίων
708 1876 813 1918 αντον
823 1851 1035 1938 πονηρενμά-

84 1971 152 2012 των
167 1942 208 2013 τά
224 1943 322 2014 λοιπά
339 1946 434 2014 ἐάσω.
466 1945 594 2031 πρὶν
555 1973 619 2032 γαρ
632 1951 777 2028 ἐξελθεῖν
788 1952 823 2015 ἐκ
835 1957 895 2015 τοῦ
906 1953 1033 2035 δεσμω-

83 2051 209 2131 τηρίον,
222 2044 420 2130 ἐμπεσόντος
431 2043 618 2129 ἀνθρώπου
629 2043 719 2124 τινός
732 2053 942 2130 Ταναγραίου
952 2045 1034 2131 πρὸς

83 2144 284 2231 κατεγγύην,
300 2159 521 2231 γραμματεῖον
532 2149 680 2231 ἔχοντος,
698 2139 899 2229 προσελθων
909 2145 963 2210 καὶ
974 2150 1034 2210 λα-

83 2250 153 2308 λοόν
177 2235 355 2330 ὁτιδήποθ’
369 2236 560 2329 ὑφαιρεῖται
577 2243 614 2312 τὸ
630 2255 861 2326 γραμματεῖον.
883 2242 1035 2327 αἰτιωμέ-

82 2365 146 2406 νον
164 2340 200 2408 66
217 2342 271 2408 κοιλ
286 2338 379 2407 όεινά
390 2347 564 2418 ποιοῦντος
575 2336 796 2423 τάνθρώπου,
818 2339 873 2405 καὶ
883 2341 1036 2423 λέγοντος

84 2435 135 2504 ὅτι
153 2435 263 2516 οὐδεὶς
279 2436 379 2516 ἀλλος
389 2435 572 2525 ἀφῄρηται,
595 2444 641 2516 τίς
650 2443 748 2504 τοῦτο
760 2434 946 2522 ἀφικνεῖται
957 2441 1035 2523 βόε-

40 2539 199 2620 61λνρίας
216 2533 299 2602 ὥστε
314 2533 451 2602 τύπτειν
468 2539 651 2622 ἐπεχείρησε
661 2533 721 2603 τὸν
732 2532 925 2621 ἄνθρωπον.
956 2561 1035 2603 νεα-

84 2631 144 2718 λὴς
156 2635 191 2701 δὲ
201 2637 255 2702 κοιλ
267 2633 458 2722 πρόσφατος
469 2629 518 2701 τόν
529 2635 653 2713 ἐκεῖνος
663 2641 781 2719 περιῆν
790 2630 896 2701 αὐτοῦ
905 2636 1034 2718 τεταρι-

84 2733 245 2815 χενμένον
261 2740 316 2801 ναί
333 2729 442 2801 πολάν
458 2732 582 2820 χρόνον
599 2732 857 2818 ἐμπεπτωκότος.
890 2728 933 2812 ἀς
943 2731 975 2800 6'
988 2738 1033 2811 είς

84 2826 182 2891 τοῦθ’
201 2821 297 2913 ἧκεν,
319 2829 472 2898 ἀπεσθίει
487 2828 862 2919 τὴνρῖνατάνθροόπον.
893 2833 949 2899 καὶ
960 2830 1033 2901 τότε

84 2921 146 3007 μὲν
161 2926 234 3004 περὶ
249 2921 309 3008 τὴν
325 2943 503 3012 γεγονυῖαν
512 2928 692 3015 σνμφοράν
701 2929 883 3017 ἅνθρωπος
893 2930 1033 3015 γενόμε-

83 3047 142 3099 νος
163 3018 284 3107 ἀπέστη
306 3032 366 3089 τοῦ
386 3024 424 3092 τὸ
444 3041 668 3114 γραμματεῖον
685 3029 827 3111 ἐρεννάν
842 3028 895 3093 καὶ
912 3030 1031 3108 ζητεῖν

82 3118 268 3241 ὕστερονό’
280 3116 512 3242 ενρίσιιονσι
479 3150 515 3192 το
527 3137 749 3212 γραμματεῖον
760 3127 798 3192 ἐν
808 3117 948 3210 κιβωτίῳ
957 3125 1032 3209 τινὶ,

83 3210 126 3285 06
142 3217 203 3304 τὴν
218 3228 310 3289 πλεῖν
326 3196 424 3299 οὗτος
440 3220 533 3307 εἶχεν.
565 3225 621 3296 καὶ
631 3219 712 3309 μετὰ
724 3229 826 3290 ταῦτα
838 3227 1092 3309 ψηφίζονταιγες

82 3319 156 3402 περὶ
178 3313 283 3384 αὐτοῦ
303 3325 407 3385 ταῦτα
428 3323 464 3388 oc
478 3323 515 3388 ἐν
532 3347 577 3407 τῳ
566 3320 761 3408 οἰκήματι,
784 3318 829 3408 μὴ
841 3318 962 3405 πυρός,
987 3318 1031 3403 μὴ

83 3415 222 3501 λύχνον,
232 3415 284 3502 ,μὴ
296 3424 417 3502 ποτοῦ,
439 3445 484 3504 μη
473 3419 627 3509 βρωτοῦ
637 3417 778 3507 μηδενός
789 3419 914 3505 μηθένα
924 3416 1031 3502 τούτῳ

124 3513 258 3566 Demostb.
296 3513 352 3566 Vol.
369 3513 404 3566 11.
731 3582 734 3584 v
850 3513 880 3567 19
