2318 3894
121 216 183 281 ιεο
323 217 419 285 xxm.
455 171 884 295 ΑΗΜοΣοεΝουε
987 304 997 311 .

119 377 163 446 ἀν
182 402 232 457 τις
252 373 431 461 ἀποκτείνῃ
449 370 682 460 Ἀλέξανδρον,
703 370 872 459 ἀγώγιμον
894 370 993 459 εἶναι,
1016 366 1073 460 ἀρ’

120 471 164 544 ἀν
181 466 229 543 ἀν
245 474 323 561 μετὰ
337 471 438 542 ταῦθ’
453 469 571 559 ὕβρισε
581 472 638 540 καὶ
648 468 920 558 προύπηλάκισεν
929 467 1076 556 ἀσφαλὲς

47 566 110 632 ¹121
119 568 164 662 ἡν
173 599 219 663 τρι
231 597 299 658 παρ
312 616 314 620 »
325 569 430 639 αὐτοῦ
441 574 537 657 δίκην
547 566 728 656 πειρᾶσθαι
738 575 868 656 λαβεῖν;
884 576 918 637 τί
927 571 963 638 δὲ
973 567 1077 637 τάλλα

83 728 86 733 .
120 674 210 759 λέγοι
228 698 277 750 τις
293 668 353 750 &m
375 666 450 737 ἀλλ’
469 665 487 737 ὀ
504 667 646 755 μάλιστα
663 672 774 736 δοκῶν
790 674 857 735 νῦν
866 664 945 754 ἡμῖν
957 666 1077 754 ἐχθρὸς

120 770 204 840 εἶναι
216 777 379 847 Φίλιππος
390 763 520 852 οὑτοσί,
544 773 575 836 εί
582 762 673 852 τόθ’,
686 763 736 835 ὅτ’
748 763 900 852 Ἀργαῖον
911 767 1076 853 κατάγου-

101 861 103 865 ’
118 896 176 949 τας
187 867 300 956 λαβών
310 875 377 936 τῶν
387 865 556 953 ἡμετέρων
565 863 658 947 τινὰς
668 872 812 934 πολιτῶν
822 860 930 952 άφὴκε
939 865 1002 953 μὲν
1010 862 1075 955 αῦ-

119 967 213 1054 τοάς,
225 966 374 1062 ἀπέῦωκε
384 966 541 1036 ὄὲ-πάντα
553 962 607 1036 ὅσ’
621 963 799 1034 ἀπώλεσαν
811 962 933 1049 αὐτοῖς,
946 968 1074 1050 πέμψας

120 1067 157 1136 δὲ
177 1066 353 1153 γράμματα
375 1067 589 1151 ἐπηγγέλλπο
618 1066 747 1151 ἕτοιμος
773 1061 858 1138 είυαι
887 1069 1075 1150 συμμαχίαν

120 1175 289 1233 ποιεῖσθαι
306 1165 365 1233 ’καλ
385 1162 448 1250 τὴυ
465 1161 629 1249 πατρικὴυ
646 1170 761 1250 φιλίαν
778 1159 1024 1247 ἀνανεοῦσθαι,
1047 1166 1078 1228 εί

120 1261 189 1332 τότ’
200 1261 318 1351 ἡξίωσε
327 1278 438 1350 τυχεῖν
448 1263 578 1331 τούτων
588 1270 648 1331 καί
654 1289 703 1343 τις
714 1259 837 1349 ἔγραψε
849 1270 916 1330 τάν
928 1263 1077 1349 ἀφεθέν-

119 1388 187 1434 των
198 1359 259 1430 ἀπ’
272 1360 388 1447 αὐτοῦ,
400 1363 459 1432 ἐάν
469 1389 518 1442 τις
529 1360 706 1450 ἀποκτείνῃ
718 1368 894 1448 Φίλιππον,
907 1359 1077 1447 ἀγώγιμον

61 1463 112 1517 122
121 1460 215 1548 εἶναι,
224 1461 330 1548 καλὴν
337 1459 364 1548 γ’
372 1460 473 1550 ὕβριν
481 1454 566 1548 ἦμεν
577 1455 620 1529 άυ
632 1459 834 1548 ὑβρισμένοι.
852 1455 919 1546 ἀρά
929 1488 967 1546 γε
979 1459 1076 1547 ὁρᾶτε

120 1565 176 1628 καὶ
186 1562 475 1646 καταμανθάνετε,
495 1551 652 1646 ἀάυὸρες
661 1557 846 1645 Ἀθηναῖοι,
869 1556 923 1644 ἐφ’
937 1560 1078 1627 ἑκάστου

120 1659 252 1726 τούτων
260 1656 378 1745 ἡλίκην
389 1653 432 1726 ἀν
445 1656 636 1744 ὠφληκότες
645 1650 704 1745 ἡτε
715 1657 913 1744 παράνοιαν,
927 1667 960 1741 εί
965 1685 997 1725 τι
1006 1685 1077 1725 τοι-

120 1765 224 1825 οῦτον
233 1757 426 1842 ἐτυγχάνετε
435 1757 667 1843 ἐψηφισμένοις
678 1759 748 1824 ἐστι
757 1752 822 1841 γάρ
834 1754 895 1842 οὐχ
905 1752 1079 1842 ὑγιαινόν-

122 1881 206 1943 των,
230 1853 337 1942 οίμαι,
360 1851 554 1941 ἀνθρώπων
573 1853 656 1925 οὔθ’
677 1853 850 1924 ὅταυτινά
868 1854 1078 1945 ὑπειλήφωσι

122 1960 238 2039 φίλον,
261 1953 350 2038 ὀῦτω
361 1955 528 2023 πιστεύειν
540 1953 640 2043 ἀστε,
662 1951 705 2025 ἀν
716 1952 842 2025 ἀδικεῖν
853 1960 1016 2046 ἐπιχειρῇ,
1038 1955 1076 2025 τὰ

79 2106 82 2113 .
119 2049 316 2141 ἀμύνασθαι
328 2062 424 2140 σφῦν
435 2052 547 2123 αὐτῶν
559 2052 753 2142 ἀφελέσθαι,
767 2046 847 2124 οὔθ’
861 2054 944 2125 ὅταν
954 2057 1079 2143 ἐχθρόν

122 2179 196 2220 τινα
207 2149 370 2241 ἡγοῦνται,
392 2151 500 2234 οὕτως
510 2147 555 2222 αὖ
564 2169 675 2241 μισεῖν
687 2152 788 2239 ὥστε,
810 2150 854 2224 ἀν
865 2156 1078 2242 παυσάμενος

120 2250 281 2338 βούληται
298 2258 394 2338 φίλος
410 2249 511 2340 εἶναι,
533 2248 571 2321 τὰ
588 2268 695 2323 ποιεῖν
711 2256 830 2336 ἐξεῖναι
848 2260 952 2323 ταῦτα
968 2262 1079 2331 κωλῦ-

121 2356 192 2418 σαι·
216 2348 291 2421 ἀλλ’
303 2350 578 2439 ἀχριτοάτουκαλ
594 2360 719 2440 φιλεῖν,
741 2351 847 2439 οἶμαι,
869 2354 931 2442 χρὴ
950 2356 1005 2422 καὶ
1023 2381 1079 2440 μι-

122 2449 894 2537 σεῖν,μηάετέρουτάνκαιρὸνὑπερβάλλοντας.
1086 2459 1136 2513 661

60 2550 111 2605 ¹²3
132 2584 136 2589 ·
207 2547 259 2616 Οὐ
277 2546 393 2616 τοίνυν
409 2554 513 2634 ἐγωγε
533 2546 597 2614 οῦδ
601 2545 609 2570 ’
628 2551 733 2616 ἐκεῖνο
750 2552 835 2616 ίδεῖυ
845 2551 1007 2634 δύναμαι,
1031 2549 1077 2631 ἀς

121 2644 194 2731 οάχὶ
205 2645 326 2724 πάντες
336 2645 514 2730 ἅνθρωποι
524 2646 654 2714 τούτων
664 2644 843 2727 ἀξιώσουσι
854 2663 973 2735 τυχεῖν,
986 2647 1076 2730 ὅσοις

120 2746 183 2828 πέρ
194 2746 326 2812 ἐστικαὶ
336 2742 477 2831 ἡτισοῦν
488 2742 678 2829 εὐεργεσίας
693 2746 860 2832 πρόφασις
877 2746 960 2832 πρὸς
978 2747 1075 2836 ἡμᾶς,

52 2925 55 2931 ¹
121 2849 152 2911 εί
159 2842 340 2932 Χαριδήμῳ
352 2842 489 2930 θάσετε,
507 2841 595 2928 οἷον,
614 2844 837 2932 είβοάλεσθε,
848 2853 980 2935 Σίμων,
993 2850 1077 2917 Βιά-

120 2966 208 3027 νωρ,
228 2939 474 3029 Ἀθηνόδωρος,
497 2941 593 3012 ἀλλοι
603 2951 725 3030 μυρίοι.
759 2950 789 3013 εί
797 2946 858 3032 μὲν
869 2953 985 3017 τοίνυν
995 2957 1075 3016 πᾶσι

104 3039 472 3128 -γηφιοάμεθαταάτά,
490 3042 652 3130 λὴσυμεν,
672 3040 717 3122 ὡς
729 3047 830 3131 ἔοικε,
853 3046 1075 3131 μισθοφόρων

119 3142 220 3222 ἔργον
247 3137 443 3226 ἀνθρώπων
468 3149 642 3222 ποιοῦντες
662 3140 725 3230 τὴν
746 3143 887 3211 ἑκάστου
908 3152 1085 3229 σωτηρίανΥ
1148 3182 1152 3187 «

119 3235 249 3305 τούτων
267 3243 550 3326 δορυφοροῦντες·
575 3240 706 3330 είδέτηῖ
716 3244 794 3330 μὲν,
817 3258 884 3322 τοῖς
894 3238 998 3328 θὀἀ,
1022 3247 1077 3310 62-

51 3341 222 3414 .124ualm9
238 3339 474 3422 ἐγκαλέσουσιυ
491 3345 526 3408 υί
537 3340 582 3427 μὴ
600 3342 766 3428 τυχόντες.
800 3340 888 3428 φέρ’,
913 3340 973 3410 ἐάν
984 3341 1020 3408 ἀὲ
1033 3334 1072 3426 δὴ

120 3435 176 3512 καλ
186 3439 419 3523 Μενέστρατος
434 3434 519 3525 ἡμᾶς
535 3435 742 3528 ὁἘρετριεάς
758 3438 845 3522 ἀξιοῖ
858 3438 898 3509 τά
916 3438 1001 3508 αὐτά
1019 3444 1074 3510 καλ
