2318 3894
256 353 259 359 ,
321 261 465 325 ιιΑεΛ
485 259 755 346 Ασοεουκ.
948 260 1011 324 εοο

60 425 150 506 σταδ,
165 427 337 490 κατέλιπεν
346 417 466 488 ούσίαν
476 419 538 508 μέν
548 417 667 507 σχεδὸν
678 419 845 505 τεττάρων
858 426 915 492 ’καὶ
931 428 1010 493 δέκα

58 519 247 606 ταλάντων,
274 520 331 604 ἐμὲ
353 516 477 586 affine
498 520 583 608 ἐτῶν
598 515 681 586 ὄντα
698 521 753 586 καὶ
775 518 837 605 τήν
859 518 1011 608 ύδελφήν

60 621 175 704 πέντε,
202 621 251 685 ἔτι
268 616 304 685 δέ
323 616 385 702 τήν
397 612 558 705 ἡμετέραν
569 621 692 702 μητέρα
709 616 915 703 πεντήκοντα
925 626 1011 704 μνᾶς
1049 616 1051 621 ’

60 720 107 794 ς
60 713 182 783 τὸν
200 713 295 782 οἷκον
306 709 587 799 εἰσενηνεγμένην.
610 711 877 799 βουλευσάμενος
888 717 924 784 δέ
934 718 1009 801 περὶ

59 840 167 900 ημων,
178 839 217 882 οτ
220 810 364 897 ἔμελλε
374 809 577 896 τελευταν,
554 833 685 878 απαντα
698 835 802 879 ταυτα
812 813 1009 898 ἐνεχείρισεν

59 911 190 1001 Ἀφόβῳ
207 937 246 980 τε
257 908 365 999 τούτφ
383 912 439 978 καὶ
457 915 716 1028 Δημοφῶντι
683 915 730 975 τῶ
750 910 946 996 Δήμωνος
932 936 955 978 ν
955 916 1007 997 δεῖ,

61 1009 194 1077 τούτοιν
205 1009 270 1094 μὲν
282 1004 514 1093 ύδελφιδοίν”
493 1011 623 1126 ογτοιν,
647 1013 695 1094 τῶ
715 1005 776 1091 μὲν
794 1009 828 1086 έξ
847 1004 1010 1094 ἀδελφοῦ,

61 1114 108 1195 τῷ
135 1105 166 1175 δ’
179 1109 212 1186 έξ
235 1106 384 1192 ύδελφής
403 1103 626 1191 γεγονότοιν,
637 1109 686 1172 ἔτι
706 1102 741 1171 δ
753 1111 900 1190 Θηριππί
899 1109 941 1193 δη
963 1113 1009 1194 τῶ

64 1212 224 1290 Παιανιεῖ,
237 1205 376 1290 γέυειμὲ
377 1231 397 1272 ν
409 1201 510 1283 οὐδέν
519 1202 730 1289 προσήκοντι,
743 1209 829 1292 φίλφ
841 1201 872 1270 δ
888 1205 925 1271 ἐκ
932 1227 1010 1271 παι-

34 1300 123 1382 σδός
134 1299 324 1395 ὑπάρχοντι.
345 1299 488 1390 κύκείνφ
505 1302 701 1386 μὲνέδωκεν
717 1302 838 1368 ἐκτῶν
851 1302 941 1386 έμῶν
953 1302 1008 1387 έβ-

64 1400 251 1487 δομήκονια
264 1404 350 1487 μνᾶς
359 1399 603 1484 καρπώσασθαι
614 1404 777 1467 τοσούτου
789 1399 929 1484 χρόνον,
946 1399 1008 1477 ἕως

62 1498 126 1582 έγῶ
143 1495 229 1584 ύνήρ
242 1497 326 1566 εἶναι
338 1502 594 1587 δοκιμασθείην,
611 1496 699 1574 ὅπως
713 1495 757 1583 μή
769 1495 815 1564 δι’
826 1500 1009 1581 ἐπιθυμίαν

62 1595 238 1681 χρημάτων
247 1596 360 1681 χεῖρόν
370 1623 401 1664 τι
412 1603 480 1664 τῶν
490 1597 580 1682 ἐμῶν
592 1595 784 1682 διοικήσειε·
801 1600 1008 1682 Δημοφῶντι

63 1695 99 1761 δὲ
112 1692 175 1778 τήν
190 1693 272 1779 ἐμὴν
290 1693 440 1782 ἀδελφήν
452 1697 508 1764 καί
525 1694 588 1762 δύο
606 1694 751 1761 τάλαντα
768 1690 1018 1772 εύθύςέδωκενι

64 1795 164 1873 ἔχειν,
196 1789 287 1878 αύτῶ
300 1792 335 1857 δὲ
346 1792 452 1880 τούτῳ
466 1792 528 1878 τήν
544 1794 668 1879 μητέρα
686 1790 750 1879 τήν
771 1789 934 1878 ἡμετέραν
954 1791 1019 1858 καίΙ

64 1897 184 1970 προῖκα
208 1882 411 1969 ὀγδοήκοντα
431 1896 531 1973 μνᾶς,
559 1892 616 1975 καὶ
630 1897 671 1974 τῇ
693 1896 781 1978 οίκίᾳ
800 1891 856 1958 καί
878 1889 1009 1958 σκεύεσι
1119 1938 1125 1949 .

62 1989 208 2070 χρῆσθαι
217 1994 285 2059 τοῖς
297 1984 395 2102 ἐμοῖς,
411 1979 602 2068 ἡγούμενος,
614 1987 669 2052 καὶ
680 1987 820 2065 τούτους
830 1994 878 2055 έτι
889 1993 1010 2056 οίκειο-

64 2086 179 2167 τέρους
194 2090 227 2150 εί
233 2106 290 2167 μοι
303 2079 488 2167 ποιήσειεν,
512 2078 574 2148 ούκ
585 2077 629 2147 ῶν
638 2080 749 2166 χείρύυ
759 2106 799 2167 με
799 2085 1009 2166 ἐπιτροπευ-

37 2187 168 2266 σθηναι
177 2204 298 2263 ταύτης
308 2204 366 2264 της
377 2175 575 2264 οίκειοτητος
585 2202 641 2263 μοι
658 2182 932 2264 προσγενομένης.
951 2185 1010 2245 λα-

62 2275 223 2364 βύντεςδ’
234 2268 447 2355 ούτοιταύτα
464 2282 597 2361 πρῶτον
618 2281 734 2359 σφίσιν
754 2273 866 2354 αὐτοῖς
838 2279 923 2344 λέκ
944 2282 1012 2342 τῶν

61 2377 251 2462 χρημάτων,
262 2372 390 2461 καὶτήυ
401 2375 507 2460 αλλην
517 2372 671 2441 ουσίαν
649 2392 782 2441 απασαν
793 2377 1011 2460 διαχειρίσαν-
1018 2392 1070 2447 815

61 2499 129 2560 τες,
147 2474 202 2541 καὶ
218 2475 298 2541 δέκα
308 2469 392 2559 έτη
375 2499 461 2561 ημας
471 2471 782 2559 ἐπιτροπευσαντεςς
803 2496 845 2539 τα
826 2467 1010 2557 μὲνᾶλλα

61 2570 168 2641 πάντα
189 2560 491 2658 Ιοἷπεστερήκασι,τ
472 2567 535 2657 τήν
555 2575 665 2641 οίαίαν
685 2571 722 2636 δὲ
740 2569 796 2636 καί
816 2566 1010 2686 ύνδρύποδα

59 2673 195 2776 τέτταρα
206 2668 261 2738 κάὶ
278 2673 358 2749 δέκα
374 2671 430 2739 καὶ
446 2667 609 2756 ἀργυρῶν
625 2673 710 2755 μνᾶς
726 2664 922 2754 τριάκοντα,
944 2652 1009 2751 μύ-

61 2776 154 2843 λιστα
175 2768 350 2854 σύμπαντα
369 2776 474 2837 ταῦτα
493 2774 539 2848 είς
558 2765 783 2855 ἑβδομήκοντα
799 2772 884 2852 μνᾶς
899 2786 1009 2847 παρα-

38 2863 272 2930 Ὶδεδύκασιν.
285 2865 386 2933 καὶ
350 2893 388 2934 το
410 2866 472 2952 μὲν
489 2868 671 2953 κεφάλαιον
690 2872 760 2934 τῶν
780 2861 1007 2985 ύδικημύτωυ,

64 2954 397 3045 ύςύνσυντομῶτατ’
417 2973 504 3030 είποι
522 2976 586 3079 τις,
608 2972 687 3031 τοῦτ
690 2962 824 3046 ’ἕστιν,
847 2988 873 3028 ω
861 2954 1009 3043 ανδρες

63 3062 228 3125 δικασταί·
241 3084 280 3126 το
265 3056 325 3127 δὲ
337 3065 514 3154 πληθος
475 3084 533 3144 της
544 3055 694 3137 ούσίας“
674 3084 726 3127 οτι
734 3055 827 3126 τουτ
838 3082 884 3143 ην
891 3053 929 3123 τδ
946 3079 1009 3123 κα·

62 3156 260 3275 ταλειφδὲν,
282 3159 428 3242 μέγιστοι
438 3154 499 3241 μέν
510 3153 604 3232 αὐτοὶ
622 3155 785 3241 μάρτυρές
795 3180 852 3241 μοι
866 3152 1008 3239 γεγόνα·

63 3274 132 3322 σιν
144 3259 202 3332 (είς
214 3252 279 3340 γύρ
300 3252 364 3339 τήν
383 3258 571 3339 συμμορίαν
586 3249 670 3341 ὑπὲρ
685 3257 768 3340 έμού
786 3250 1006 3334 συνετάξαντο

62 3377 144 3418 κατα
157 3351 215 3430 τὰς
231 3356 328 3420 πέντε
344 3352 399 3420 καί
410 3360 515 3419 εἴκοσι
524 3358 609 3438 μνᾶς
629 3356 845 3430 πεντακοσίας
861 3349 1006 3438 δραχμὰς

64 3444 244 3535 εἰσφέρειν,
256 3447 401 3536 ὅσονπερ
416 3450 578 3536 Τιμύδεος
588 3446 774 3528 ὁΚύνωνος
787 3450 843 3517 καί
853 3453 888 3516 οί
895 3444 935 3515 τὰ
946 3450 1005 3531 μέ-
