2318 3894
178 231 322 294 RATA
340 228 823 291 ΑΡιΣεοΓοιΤοιιοΣ
841 231 881 292 A.
944 227 1008 292 τσο

60 394 101 465 τὰ
119 384 365 480 γνωριμώτατα.
399 386 436 458 τό
454 387 516 476 τὴν
530 385 660 476 βουλην
677 387 755 468 τοὺς
771 396 1007 468 πεντακοσίους

58 490 125 562 ἀπὸ
146 500 205 579 της
222 488 391 567 ἀσθενοῦς
406 488 575 574 τοιαυτησὶ
591 491 756 571 κιγκλίδος
774 495 844 554 ταλν
859 481 1007 574 άπορρήὲ

58 618 127 659 των
137 596 258 675 κυρίαν
269 587 369 673 εἶναι,
390 583 500 673 καὶμὴ
517 582 597 664 τούς
614 582 949 665 ίδιιόταςέπεισιέναι·
969 583 1006 653 τό

59 689 121 778 την
143 691 176 770 ἐξ
195 686 323 773 Ἀρείου
343 685 454 772 πάγου
473 682 612 772 βονλην,
635 683 717 753 ὅταν
740 689 776 753 ἐν
795 691 835 773 τῇ
852 691 1007 771 βασιλείῳ

60 795 141 875 στοᾷ
152 787 355 871 καθεζομένη
367 790 662 868 περισχοινίσηται,
684 780 768 849 κατὰ
784 779 1007 868 πολληνὴσυ-
1115 778 1132 833 ’-

59 892 134 970 χίαν
151 881 199 969 ἐφ’
214 885 331 968 ἑαυτῆς
349 881 447 964 εἶναι,
470 882 526 948 καὶ
543 878 692 958 ἅπαντας
707 879 858 946 ἐκποδών
874 875 1007 964 ἀποχω-

59 996 145 1064 ρεῖν·
165 977 203 1048 τό
214 977 273 1059 τάς
282 976 385 1065 ἀρχάς
396 975 535 1062 ἁπάσας,
548 976 629 1056 όσας
639 981 674 1044 oc
682 976 837 1062 λαχόντες
846 973 1007 1063 ἀρχουσιν

25 1077 28 1081 ’
60 1077 172 1164 ὑμῶν,
194 1077 262 1164 ἅμα
280 1084 325 1166 τῷ
341 1077 401 1145 τόν
419 1073 587 1162 ὑπηρέτην
603 1073 909 1163 είπεῖν“μετάστητε
927 1071 1004 1154 een?

61 1183 130 1243 τόν
145 1177 260 1261 νόμων
288 1186 423 1258 κρατεῖν
449 1172 497 1259 ἐφ’
513 1172 566 1252 ὀἷς
583 1162 863 1260 είσέπέμφθησαν,
885 1175 941 1239 καὶ
960 1173 1004 1257 μη
1084 1241 1094 1261 ‚

17 1295 53 1348 τι
62 1270 595 1358 τούςἀσελγεστάτουςβιάζεσθαι·
608 1271 813 1355 άλλαμυρία.
828 1266 1005 1356 πάνταγὰρ

61 1371 102 1439 τὰ
120 1371 225 1458 σεμνοὶ
242 1372 298 1439 καὶ
315 1369 418 1454 καλά,
439 1374 502 1438 καὶΙ
512 1368 550 1436 δι’
564 1360 613 1436 όν
629 1366 650 1456 ἡ
668 1368 761 1447 πόλις
771 1381 939 1454 κοσμεῖται
951 1368 1006 1434 καλ

61 1471 211 1558 σώζεται,
232 1467 487 1557 ησυφροσύνη,
507 1465 528 1555 ἡ
548 1465 632 1553 πρός
646 1465 725 1553 τούς
736 1469 854 1552 γονέας
864 1467 919 1534 καὶ
928 1463 1007 1543 τούς

61 1575 307 1658 πρεσβυτέρους
317 1569 414 1655 ύμολν
425 1564 593 1663 παράτῶν
603 1573 691 1634 νέων
702 1565 859 1652 αἰσχύνη,
876 1562 1007 1651 ηεύτα-
1018 1586 1068 1641 777

62 1673 129 1753 ξία,
151 1677 192 1756 τῇ
207 1676 275 1736 τεόν
292 1667 407 1753 νόμων
420 1664 600 1752 προσθήκη
612 1672 682 1733 τοῖν
697 1670 843 1750 αίσχράν
853 1670 1006 1749 περίεστι,

61 1773 119 1851 τῆς
141 1763 390 1851 ἀναισχυντίας,
417 1772 477 1851 τῆς
498 1763 724 1852 θρασύτητος,
751 1771 815 1852 τῆς
830 1761 1005 1840 ἀναιδείας.

63 1860 180 1947 ἰταμὸν
189 1864 253 1949 γάρ
264 1860 284 1950 ἦ
296 1869 437 1951 πονηρία
449 1865 504 1932 καλ
514 1863 680 1951 τολμηρόν
697 1865 752 1931 καὶ
762 1859 1006 1945 πλεονεκτικόν,
1067 1868 1070 1869 ’
1114 1861 1118 1868 ’

62 1964 117 2029 καλ
133 1959 329 2030 τούναντίον
350 1959 619 2048 ἡ--καλοκαγαθία
633 1958 774 2047 ἡσύχιον
791 1961 846 2026 καὶ
862 1956 1009 2045 ὀκνηρόν
1070 2000 1073 2011 »

64 2062 120 2126 καὶ
130 2058 239 2146 βραδύ
249 2063 303 2127 καλ
315 2057 428 2126 δεινόν
444 2061 680 2144 ἐλαττωθῆναι.
713 2052 791 2134 τούς
807 2054 931 2140 νόμους
945 2047 1009 2122 ούν

64 2161 118 2224 δεῖ
124 2172 237 2243 τηρεῖν
245 2159 300 2224 καὶ
311 2157 454 2235 τούτους
471 2153 628 2242 ἰσχυρούς
645 2167 752 2222 ποιεῖν
762 2149 841 2230 τούς
853 2149 903 2220 ἀεὶ
914 2151 1009 2219 δικά-

64 2260 178 2334 ζοντας
188 2251 299 2339 ὑμῶν·
326 2253 407 2339 μετά
424 2251 488 2339 γάρ
499 2252 629 2320 τούτων
641 2256 674 2319 οί
683 2255 816 2344 χρηστοὶ
825 2257 893 2317 τῶν
904 2275 1010 2339 πονη-

10 2383 53 2434 ης
64 2359 134 2435 ρῶν
144 2356 312 2435 περίεισιν.
325 2355 356 2418 εί
365 2349 400 2418 δὲ
412 2348 467 2436 μὴ,
476 2353 607 2417 λέλυται
616 2349 735 2432 πάντα,
748 2346 918 2437 ἀνέῳκται,
926 2367 1009 2432 συγ-

61 2452 212 2534 κέχυται,
229 2446 546 2535 τοδνπονηροτάττον
557 2449 612 2516 καὶ
624 2443 899 2535 άναιδεστάτοινη
914 2446 1010 2526 πόλις

58 2556 217 2634 γίγνεται.
248 2549 331 2633 φέρε
347 2546 412 2635 γάρ
423 2544 508 2634 πρός
524 2555 632 2633 θεῶν,
654 2542 685 2616 εδ
694 2541 739 2626 εἷς
748 2549 884 2626 ἕκαστος
894 2552 962 2614 τόν
973 2548 1010 2615 έν

62 2655 100 2735 τῇ
112 2646 207 2715 πόλει
216 2642 280 2732 την
287 2643 562 2732 Ἀριστογείτονος
571 2644 699 2732 τόλμαν
709 2649 763 2716 καὶ
775 2643 1011 2732 ἀναισχυντίαν

63 2745 185 2831 λαβὼν,
196 2748 251 2813 καλ
259 2746 536 2831 διαλογισάμενος
550 2742 647 2814 ταῦθ’
658 2742 742 2832 άπερ
754 2737 867 2831 οὗτος,
880 2736 931 2814 ότι
942 2749 1010 2824 ἕξε-

25 2878 28 2884 ·
65 2861 117 2908 στι
133 2845 188 2908 καὶ
203 2845 310 2928 λέγειν
326 2846 382 2913 καί
397 2858 505 2912 ποιεῖν
516 2847 609 2932 μέχρι
620 2843 744 2924 παντός
754 2843 776 2915 ό
786 2872 817 2912 τι
828 2841 871 2914 ἀν
881 2844 1024 2933 δούλη·

62 2943 121 3006 ταί
129 2963 178 3017 τις
189 2941 224 3005 έν
237 2944 454 3030 δημοκρατίᾳ,
473 2943 598 3030 ἐάνπερ
613 2953 675 3012 τού
685 2945 780 3022 ποῖός
790 2969 838 3023 τις
849 2942 934 3010 εἶναι
950 2941 1009 3008 δό-

24 3038 28 3046 ’
66 3042 113 3117 ξει
129 3034 147 3104 ὁ
163 3043 266 3104 ταῦτα
282 3047 389 3107 ποιεῖν
401 3038 610 3130 όλνγυρύση,
626 3044 682 3111 καὶ
699 3040 807 3118 ούδελς
827 3036 877 3106 ἐπ’
898 3036 1010 3106 ούδενὶ

19 3143 133 3209 ποτόν
149 3133 362 3222 ἀδικημάτων
380 3136 485 3218 εύθύς
502 3140 605 3209 αὐτόν
629 3139 829 3207 ἀποκτείνει·
861 3143 892 3206 εί
905 3143 1010 3204 ταῦτα
1032 3203 1034 3207 .

63 3237 254 3321 διανοηθεὶς
266 3232 283 3301 ὁ
295 3232 340 3321 μῆ
351 3234 461 3321 λαχών
470 3245 519 3326 τςό
527 3238 661 3323 λαχόντι
671 3241 725 3306 καὶ
736 3235 754 3306 ὁ
765 3237 809 3324 μη
820 3262 1009 3330 χειροτονη-

64 3335 136 3412 θείς
152 3341 200 3421 τςό
215 3337 482 3420 χειροτονηθέντι
497 3339 529 3416 ἐξ
547 3345 623 3405 ίσον
641 3341 748 3423 ζητοίη
765 3335 849 3404 εἶναι
869 3338 924 3402 καλ
941 3341 1009 3400 τοῖν

65 3431 176 3500 αὐτῶν
188 3434 343 3519 μετέχειν,
354 3431 559 3520 καίόλοιςμη
571 3438 655 3520 νέος,
673 3432 717 3520 μη
736 3433 958 3520 πρεσβύτερος
968 3428 1008 3496 τά
1057 3472 1060 3477 -
