2318 3894
162 256 225 327 402
352 257 474 322 xxm-a
493 229 910 320 ααιίοεοιιαονε

163 408 265 506 βαιοά
277 416 435 504 ἐνέχυρον
457 409 649 485 καταλιπόν
667 405 717 480 όν
733 417 844 482 πείθει
859 409 954 497 ’ὑμᾶς
973 417 1118 498 ψηφίζε-

42 509 45 514 ’
121 513 155 576 47
164 525 255 586 σθαι.
276 522 346 593 παῖς
359 511 390 582 δ’
402 510 464 582 οάκ
474 507 579 604 ἀνείη
596 510 739 593 άτοπον,
758 517 790 580 εί
799 509 904 580 αὑτοῦ
916 517 1118 597 Φορμίωνος

163 611 409 702 ὁμολογοῦντος
425 614 657 693 δανείσασθαι,
680 608 870 693 φάσκοντος
887 606 918 675 δ’
939 606 1118 678 ἀποδεδω-

163 715 274 795 κέναι,
291 710 328 777 τό
342 708 403 795 μὲν
418 705 690 793 ὁμολογούμενον
709 704 764 773 ὑιί
777 704 883 776 αὑτοῦ
892 706 1020 778 τούτου
1030 707 1116 777 ἀκυ-

131 808 141 826 '
164 836 225 895 ρον
237 802 448 892 ποιήσετε,τὸ
461 801 493 873 δ’
506 802 823 892 ἀμφισβητοάμενόν
839 806 960 894 κόριον
977 821 1115 894 ψηφιεῖ-

164 916 243 986 σθε,
262 908 317 977 καὶ
334 902 352 974 ὁ
370 903 431 990 μὲν
447 903 594 990 Λάμπις,
614 896 753 993 ηόοὺτος
767 906 946 992 σκήπτεται
956 906 1113 995 μάρτυρι,

163 1010 298 1087 ἔξαρνος
318 1003 498 1089 γενόμενος
517 999 555 1070 τδ
579 1006 612 1082 ἐξ
631 1000 732 1094 ἀρχῆς
750 998 793 1082 ὡς
810 1001 872 1071 οὑκ
897 1000 1063 1091 ἀπείληφε
1076 1005 1113 1073 τό

164 1109 319 1189 χρυσίου,
333 1108 400 1169 νόν
416 1100 456 1190 τά
471 1103 604 1168 ἐναντία
620 1114 792 1188 μαρτυρεῖ
813 1097 905 1186 ὑμεῖς
921 1102 959 1172 δὲ
974 1103 1115 1187 γνόντες

130 1234 138 1248 ·
166 1199 211 1282 ὥς
221 1200 283 1269 οὐκ
295 1198 445 1287 ἀπείληφ’
458 1202 599 1283 ἐκεῖνος,
615 1197 678 1267 οὐκ
689 1199 760 1269 ἐστὲ
778 1200 944 1285 μάρτυρες
953 1207 1018 1270 τοῦ
1029 1203 1115 1284 πρά·

120 1317 306 1388 48γματοςς
327 1302 383 1368 καὶ
394 1298 457 1367 ὅσα
467 1303 528 1386 μὲν
539 1296 609 1366 είπε
625 1298 706 1384 μετά
715 1307 773 1385 τής
783 1296 956 1384 ἀληθείας,
974 1301 1022 1386 μή
1035 1308 1116 1387 χρή-

165 1408 229 1468 σθε
240 1398 421 1487 τεκμηρίῳ,
438 1395 460 1465 ἀ
471 1395 505 1467 δ’
517 1397 680 1486 ἐψεύσατο
693 1396 730 1468 τό
742 1396 901 1486 ὕστερον,
919 1399 1035 1486 ἐπειδή
1049 1404 1116 1468 διε·

105 1538 112 1545 -
167 1497 304 1583 φθάρη,
327 1495 502 1580 πιστότερα
518 1494 614 1565 ταῦθ’
627 1494 827 1583 ὑπολάβοιτε
844 1495 941 1585 είναρς
963 1500 1020 1566 καὶ
1038 1495 1114 1584 μήν,

167 1588 519 1679 ἀάνδρεςἏθηναῖοι,
531 1595 619 1663 πολὺ
630 1596 836 1682 δικαιότερόν
846 1598 913 1664 ἐστι
930 1610 1000 1676 τοῖς
1013 1600 1045 1676 ἐξ
1056 1594 1116 1679 ἀρ-

166 1701 225 1781 χῆς
241 1696 372 1780 ῥηθεῖσι
382 1698 618 1776 τεκμαίρεσθαι
635 1689 797 1779 μάλλονή
806 1708 875 1772 τοῖς
895 1693 1042 1779 ὕστερον
1063 1721 1116 1763 τε·

123 1796 127 1800 ’
166 1793 400 1875 κτοιινομένοις.
424 1787 464 1857 τά
480 1788 617 1877 μὲνγὰρ
628 1788 691 1859 οὐκ
709 1794 745 1860 ἐκ
757 1800 984 1879 παρασκευῆς,
997 1790 1064 1861 ἀλλ
1080 1796 1115 1860 ἐν

152 1895 223 1974 ’τῆς
242 1885 400 1972 ἀληθείας
421 1892 527 1973 ἔλεγε,
554 1887 595 1955 τά
617 1887 647 1958 δ’
670 1888 813 1974 ὕστερον
834 1890 1043 1976 ψευδόμενος
1058 1892 1117 1958 καὶ

124 1984 250 2071 49πρός
266 1983 303 2053 τό
322 1987 495 2071 συμφέρον
506 1983 606 2075 αὑτῷ.
639 1985 874 2074 ἀναμνήσθητε
892 1985 937 2073 δ’,
952 1980 980 2055 ά
996 1987 1116 2071 ἀνδρες

165 2085 350 2172 Ἀθηναῖοι,
371 2083 421 2152 ότι
439 2081 512 2151 οὐδ’
534 2084 633 2165 αὐτὸς
650 2083 668 2153 ὁ
687 2085 819 2171 Λάμπις
835 2090 969 2170 ἔξαρνος
986 2087 1131 2171 ἐγένετο

75 2259 77 2264 ,
170 2182 214 2263 ὡς
224 2180 286 2251 οὐκ
298 2192 347 2269 είη
360 2180 498 2269 είρηκώς
509 2182 559 2255 ὅτι
571 2181 635 2252 οάκ
647 2181 807 2270 ἀπείληφε
817 2181 854 2253 τό
872 2190 1028 2272 χρυσίον,
1048 2182 1112 2252 ἀλλ’

169 2285 273 2350 εἰπεῖν
283 2281 344 2367 μὲν
355 2277 532 2366 ὡμολόγει,
550 2279 592 2350 οό
609 2284 722 2367 μέντοι
738 2280 765 2367 γ’
778 2283 871 2362 ἐντός
890 2278 939 2351 ἀν
950 2280 1059 2351 αὑτοῦ
1071 2288 1115 2353 εί

155 2378 251 2456 πεῖν.
275 2377 339 2473 οὑκ
350 2372 414 2447 οὑν
424 2377 560 2467 άτοπον,
574 2387 604 2449 εί
612 2389 669 2467 τῆς
680 2383 997 2466 ἐκείνουμαρτυρίας
1007 2379 1046 2450 τό
1056 2379 1115 2468 μὲν

169 2479 252 2567 πρὸς
263 2486 323 2547 τοῦ
333 2477 597 2561 ἀποστεροῦντος
607 2476 976 2565 πιστῶςάκοόσεσθε,τό
989 2478 1024 2547 δ’
1033 2477 1116 2565 ὑπὲρ
1124 2502 1159 2557 ιν

79 2629 81 2634 -
126 2595 161 2647 50
169 2585 237 2645 τοῖν
247 2575 545 2664 ἀποστερουμένων
556 2578 696 2647 ἀπιστον
705 2583 795 2647 ἔσται
805 2575 879 2660 παρ’
894 2573 1117 2663 ὑμῖν;.μηδα-

76 2759 82 2764 r
109 2749 111 2753 ,
170 2682 254 2760 μοῖς,
272 2668 300 2741 οὑ
316 2674 436 2758 ἀνδρες
452 2681 610 2745 δικασταί.
639 2673 732 2763 ὑμεῖς
747 2676 812 2762 γάρ
827 2679 899 2745 ἐστε
920 2680 955 2743 οἱ
974 2674 1072 2744 αὐτοί
1087 2679 1120 2743 οί

105 2787 107 2791 ’
169 2770 229 2840 τόν
245 2774 554 2859 ἐπιδεδανεισμένον
570 2778 606 2844 ἐκ
623 2780 684 2842 τοῦ
701 2778 861 2866 ἐμπορίου
870 2774 977 2849 πολλά
989 2775 1118 2862 χρήμα-

169 2895 209 2938 τα
226 2870 361 2950 καὶτοῖς
377 2875 561 2949 δανεισταῖς
578 2869 620 2938 οὑ
638 2871 850 2956 παρασχόντα
866 2870 926 2955 ’τάς
941 2869 1119 2959 ὑποθήκας

169 2965 307 3056 θανάτῳ
326 2965 545 3055 ζημιώσαντες
558 2972 818 3060 είσαγγελθέντα
835 2974 873 3047 ἐν
882 2978 929 3063 τῷ
941 2970 1053 3060 δήμςο,
1064 2972 1118 3038 καί

170 3076 273 3135 ταῦτα
291 3072 428 3153 πολίτην
438 3062 600 3153 ὑμέτερον
616 3067 697 3134 όντα
714 3072 770 3136 καῖ
781 3069 906 3153 πατρὸς
917 3073 1118 3156 ἐστρατηγηγ

128 3180 162 3232 51
170 3165 276 3243 κότος.
298 3163 434 3250 ἡγεῖσθε
451 3163 516 3252 γάρ
533 3163 792 3264 τοὺςτοιρότους
802 3167 844 3236 οὐ
855 3167 962 3254 μόνον
973 3166 1053 3251 τοὺς
1063 3171 1119 3235 ἐν·

169 3260 392 3344 τυγχάνοντας
408 3261 550 3349 ἀδικεῖν,
567 3261 721 3358 ἀλλὰκαὶ
738 3276 835 3356 κοινή
843 3267 1003 3354 βλάπτειν
1011 3266 1051 3340 τό
1061 3269 1119 3352 ἐμ-

171 3358 290 3442 πόριον
301 3354 413 3442 ὑμῶν,
431 3360 574 3439 είκότως.
609 3368 646 3432 αί
659 3360 724 3451 γάρ
742 3362 894 3451 εὐπορία
904 3380 972 3444 τοῖς
984 3368 1119 3450 ίργαζα

151 3458 282 3542 ’μόνοις
294 3453 357 3531 οὑκ
368 3451 435 3529 ἀπό
446 3464 514 3526 τόν
533 3465 788 3551 δανειζομίνὼν,
805 3461 876 3537 ἀλλ’
887 3460 953 3531 ἀπό
972 3460 1042 3545 τόν
1053 3465 1118 3529 δαν
