2318 3894
128 243 193 309 εοο
330 245 428 306 τοοκ
448 218 873 304 Δειωονοεαουε
989 251 993 258 ·

131 413 237 488 θερον
247 402 332 470 εἶναι
339 403 543 488 βασανίζειν,
565 397 627 492 τὴν
638 398 772 518 μητέρα
777 393 840 481 τὴν
859 396 1006 480 ἐμαυτοῦ
1023 401 1097 465 πά·

130 520 205 569 στιν
214 503 289 585 περὶ
297 524 426 568 τουτων
436 500 600 565 ἐπνθελναι
609 491 717 562 καθ
699 520 794 581 ημων
804 495 1001 579 ἐθέλουσαν,
1012 519 1082 562 των

132 596 246 666 ἄλλων
261 603 400 666 οἰκετῶν
416 593 479 662 ούι
495 595 654 661 ἐθέλοντα
670 598 792 661 τούτου
808 592 1082 708 παραλαμβάνειν

132 694 254 763 ουδένα
262 721 330 763 των
340 692 426 761 πάντ
424 690 584 759 ἐίδότων
596 685 984 776 μάλλουῆΜιλύας,τάυ
995 715 1082 775 μαρ-

133 794 248 877 τύρων
262 798 297 858 οἳ
304 789 577 875 κατεμαρτύρουν
592 788 734 873 χρήματ’
750 784 952 872 ἐχειναύτόν
968 786 1082 856 ούδευὶ

92 899 201 962 arm
220 893 518 974 ψευδομαρτυριῶν
541 888 805 971 ἐπεσκημμένον,
830 884 894 969 τὴν
914 885 1083 971 διαθήκην

134 984 197 1055 ούκ
208 983 376 1054 ἀποδόντα
390 982 469 1053 ούδέ
483 982 545 1053 τὸν
555 983 649 1052 οἷκον
662 983 879 1069 μισθώσαντα
887 991 956 1050 τῶν
967 984 1083 1070 νόμων

132 1082 356 1205 κελευόντων,
371 1077 483 1151 πίστιν
499 1085 665 1150 έπνθελναι
680 1081 910 1168 προομνύντος
927 1085 1011 1168 ἐμοῦ
1028 1084 1083 1150 ναὶ

132 1191 202 1253 τῶν
212 1183 408 1270 μαρτύρων,
430 1180 498 1250 ύστ
502 1180 893 1267 ’άφεϊσθαιτοῦτουτδν
906 1180 1084 1300 χρημάτων

73 1305 77 1316 ’
132 1280 214 1352 καθ’
228 1279 650 1368 άπόνΜιλύαυέξητησεν,
675 1277 738 1346 ούκ
756 1281 913 1364 οἰηθέντα
930 1283 1019 1359 δεϊυ;
1039 1277 1084 1364 μά

133 1380 212 1460 τούς
228 1379 347 1465 θεοὺς,
376 1377 441 1464 ἐγω
465 1377 581 1464 μέν’
541 1404 603 1445 ουκ
625 1373 672 1446 άν
688 1381 791 1464 ἔχοιμι
813 1379 967 1456 έκιδειξαι
987 1365 1083 1444 ταῦτ’

134 1473 603 1566 άκριβέστερονητοῦτοντόν
619 1476 754 1561 τρόπον.
779 1473 867 1544 οὕτω
882 1483 1000 1544 τοίνυν
1016 1502 1085 1560 φα-
1104 1500 1112 1513 ·

133 1604 238 1665 νερως
265 1585 334 1644 τῶν
361 1575 541 1662 μαρτύρων
567 1573 856 1660 καταψευδόμενος
883 1574 938 1640 καὶ
960 1575 1085 1640 ἐκτῶν

135 1671 465 1763 πραγμάτων-οὐδὲν
494 1671 711 1757 ζημιούμενος
737 1675 793 1738 καὶ
821 1668 883 1757 τὴν
909 1675 1007 1756 δίκην
1033 1675 1084 1737 δι-

93 1778 236 1849 εδκαίως
253 1766 452 1855 άφληκώς“
432 1794 521 1853 ομως
536 1766 754 1854 ἀναισχυντεῖ.
786 1796 841 1837 και
830 1771 883 1836 εί
898 1768 1013 1854 μὲν
971 1796 1016 1855 μη
1030 1771 1085 1836 και

135 1866 224 1952 παρὰ
242 1880 310 1944 τοῖς
327 1865 432 1933 αὑτοῦ
449 1872 558 1952 φίλοις
575 1869 631 1937 καὶ
648 1891 738 1950 παρα
754 1894 800 1958 τφ
788 1872 965 1956 διαιτητῇ
983 1892 1085 1950 προε-

134 1968 325 2051 γνωσμένος
336 1961 464 2033 ἀδικεῖν
476 1967 617 2045 τούτους
631 1969 771 2035 ἐποιειτο
783 1964 862 2045 τούς
873 1966 1011 2052 λόγους,
1024 1992 1086 2051 ητ-

133 2090 194 2132 τον
205 2059 250 2132 άυ
265 2092 310 2151 ην
326 2063 419 2144 άξιον
435 2066 634 2151 θαυμάζειν·
654 2066 762 2133 νῦνδ
777 2068 944 2152 ἐπιτρέψαι
955 2090 996 2151 με
1011 2073 1085 2132 πεί·

135 2169 194 2243 σἀς
200 2161 356 2252 Ἀρχέυεφ
368 2165 423 2230 καὶ
434 2168 645 2253 Δρακοντίδη
655 2165 710 2233 καὶ
722 2165 824 2254 Φάνφ
838 2165 945 2254 τούτῳ
962 2172 1010 2254 τῷ
1019 2171 1085 2230 νῦν

134 2258 192 2328 ὑπ’
213 2260 318 2330 αὐτοῦ
343 2264 502 2351 φεύγοντι
518 2290 588 2330 των
609 2267 921 2351 ψευδομαρτυριῶν,
943 2261 1086 2340 τούτους

135 2359 338 2450 μένάφῆκεν
352 2360 501 2441 ακουσας
511 2388 624 2428 αυτων
635 2387 702 2448 οτι,
727 2358 884 2447 είμεθ’”
864 2385 969 2443 ορκον
979 2385 1084 2425 ταυτα

135 2460 355 2546 διαιτησουσι,
378 2460 646 2543 καταγνωσονται
656 2484 719 2546 την
735 2456 932 2544 ἐπιτροπηυ,
956 2459 1059 2526 ἐπὶ
1024 2484 1086 2525 τον
1094 2478 1143 2534 εεε

135 2557 306 2643 κληρωτὸν
318 2556 531 2644 δέδιαιτητὴν
541 2555 653 2627 ἐλθόν
669 2561 724 2627 καὶ
735 2556 836 2626 ούδέν
852 2563 938 2643 ἔχων
954 2553 1085 2627 άπολύ·

93 2669 127 2722 59
136 2663 260 2721 σασθαι
269 2681 338 2721 των
347 2658 597 2741 ἐγκεκλημένων
607 2647 699 2742 ύφλε
712 2682 776 2742 την
786 2660 923 2723 δίαιταν.
946 2657 980 2721 oc
988 2657 1085 2720 δικα-

134 2750 280 2818 σταὶδ”
262 2751 510 2837 ακούσαυτες,ε
495 2750 1085 2839 είςοὺςέφῆκε,ταύτάκαὶτοῑςτού-

132 2873 194 2915 τον
211 2855 321 2941 φίλοις
333 2852 386 2918 καί
404 2858 450 2941 τῷ
468 2856 616 2941 διαιτητῇ
635 2848 769 2934 περὶ’
728 2858 840 2917 αυτεὸν
860 2857 1011 2975 ἔγνωσαν
1028 2851 1086 2916 καὶ

134 2933 214 3015 δέκα
226 2940 398 3017 ταλάντων
415 2919 464 3018 έτί
449 2956 587 3037 ίμησαν,
609 2945 651 3016 ού
668 2975 714 3035 μα
702 2945 782 3016 Δί’
796 2945 856 3036 οὑχ
871 2947 923 3017 ὅτι
938 2945 1000 3016 τον
1010 2955 1085 3015 Μι-

132 3045 219 3112 λύαν
231 3042 443 3134 ὡμολόγησεν
453 3047 537 3123 εἶναι
546 3047 729 3133 ἐλεύθερον
740 3055 851 3128 (τοῦτο
862 3045 978 3135 μὲν
938 3073 1003 3133 γαρ
1023 3045 1085 3115 ού-

15 3154 20 3167 “
133 3135 267 3227 δένηυ),
274 3141 342 3211 ἀλλ’
354 3143 1086 3233 ότιπεντεκαίδεκαταλάντωνούσίαςμοικα·

131 3241 409 3325 ταλειφθείσης
375 3268 436 3310 τον
446 3243 507 3329 μὲν
517 3241 667 3310 οἷκον’
627 3268 689 3312 ουκ
698 3248 754 3332 έμί
752 3255 880 3332 σθωσε,
882 3248 972 3336 δέκα
985 3243 1025 3319 δ’
1027 3251 1084 3330 ἐτη

131 3360 212 3422 μετα
221 3363 290 3404 των
299 3340 550 3421 σννεπιτροπων
558 3344 755 3427 διαχειρίσας
763 3369 846 3431 προς
856 3340 960 3429 μέν
924 3370 987 3430 την
996 3364 1085 3428 συμ-

132 3442 253 3519 μορίαν
263 3431 348 3522 ὑπὲρ
363 3435 513 3517 παιδός”
492 3465 589 3520 ουτος
599 3443 681 3528 ἐμοῦ
690 3446 788 3511 πέντε
798 3452 883 3530 μνᾶς
893 3439 1085 3522 συνετάξατ’
