2318 3894
20 221 25 228 ’
129 247 192 313 ειο
338 248 436 351 ειιος
455 242 876 309 mmmmm

129 414 236 478 καίτοι
248 414 318 486 πῶς
329 402 372 474 οά
386 411 501 490 σαφῶς
511 402 556 470 σύ
567 399 693 471 σαυτδν
704 404 885 487 ἐξελέγχεις,
898 400 950 469 ὅτι
960 402 1079 481 ψεύδει

129 504 223 576 δεινοὶ
233 506 449 573 πεπονθέναι
466 501 607 586 φάσκων
623 501 679 569 καί
697 500 759 584 τήν
776 503 872 585 δίκην
887 495 1011 576 ἀδίκως
1032 495 1078 566 ὥ-

130 606 292 690 φληκίναι
301 599 362 669 τδν
377 599 562 683 ἀνθρωπου
571 596 613 664 οά
622 595 842 684 παραλαβών,
851 593 1079 676 δςτούςταῦ·

129 727 170 770 τα
179 698 452 788 μαρτυρήσαντας
461 700 548 791 ἔχειν
561 714 599 772 σε
609 697 663 762 καί
673 699 813 780 λαβεῖν,
826 695 901 779 περὶ
911 684 961 760 οἷν
977 690 1023 771 ὡς
1035 689 1079 760 οὐ

129 797 420 880 καταλειφθέντων
432 791 476 860 σδ
487 789 547 859 τδν
558 791 697 860 Μιλύαν
711 791 847 879 ἐξῄτεις,
866 788 1000 875 ἀφῆκας
1009 797 1078 857 τῶν

128 887 508 980 φευδομαρτυριοδν;οδς
517 886 605 958 πολὺ
614 889 753 959 κάλλιον
761 882 815 975 ήυ,
825 898 918 972 είπερ
926 884 1076 972 ήδίκησο,

105 991 271 1067 διώκειν.
292 998 356 1073 αλλ

87 1115 122 1169 42
211 1081 580 1174 Πολλαχόθευμενοάυ
591 1085 637 1154 ἀν
654 1112 704 1165 τις
718 1090 785 1154 λδοι
800 1082 862 1170 τήν
884 1087 949 1171 σήν
970 1107 1132 1170 πονη-ςςγ

129 1196 221 1275 ρίαν,
237 1187 377 1273 μάλιστα
393 1185 422 1259 δ’
440 1190 471 1254 τί
487 1187 563 1270 περὶ
573 1193 632 1275 τῆς
643 1184 806 1270 διαθήκης
816 1182 999 1254 ἀκούσειεν.
1014 1190 1077 1251 τοῦ

94 1351 99 1360 ,
127 1283 348 1375 γὰρπατρδς,
375 1277 539 1368 οἷάνδρες
555 1285 721 1371 δικασταί,
750 1282 790 1350 τά
810 1285 1099 1368 καταλειφθέντα,

128 1385 235 1452 πάντα
246 1386 283 1453 έν
299 1391 339 1472 τῇ
355 1382 499 1471 διαθήκη
508 1382 716 1467 γράψαντος,
731 1381 786 1449 καὶ
799 1379 860 1448 τδυ
874 1378 969 1449 οίκον
984 1377 1078 1457 ὅπως
1107 1418 1111 1425 -

128 1481 353 1568 μισθώσουσι,
376 1482 502 1566 ταύτην
520 1479 583 1565 μὲν
597 1477 668 1547 ὀὐκ
683 1477 871 1564 ἀπέδωκεν,
896 1482 951 1546 ἵνα
974 1474 1020 1562 μή
1037 1474 1076 1545 τὸ
1132 1540 1137 1549 .

127 1587 257 1665 πλήθος
278 1578 408 1663 εὕροιμι
428 1576 491 1662 έγώ
508 1584 577 1643 τῶν
592 1577 769 1664 χρημάτων
789 1581 822 1657 ἐξ
840 1574 959 1662 αὐτῆς,
986 1573 1078 1660 ὡμο-

127 1676 219 1762 λόγει
239 1676 276 1744 δὲ
291 1682 473 1758 κεκτῆσθαι
487 1672 589 1741 ταῦθ’
615 1673 637 1740 ἀ
665 1672 797 1759 μάλιστ’
813 1672 874 1760 οάγ
892 1668 965 1743 οἷόν
982 1670 1016 1740 τ’
1032 1664 1077 1759 ἦν

23 1796 29 1802 ·
58 1844 63 1853 ,
86 1771 251 1859 λθέξάρνφ
265 1775 424 1864 γενέσθαι
439 1768 493 1837 διὰ
509 1768 572 1856 τήν
586 1770 816 1856 περιφάνειαν.
847 1766 891 1858 ἦν
917 1774 955 1841 δὲ
976 1775 1077 1844 ταῦθ’

127 1866 350 1954 ἀγεγράφθαι
365 1868 468 1952 φησίν
477 1869 515 1936 ίυ
529 1876 571 1956 τῇ
583 1870 746 1958 διαθήκη,
763 1870 831 1938 δύο
847 1869 909 1956 μὲν
928 1870 1077 1940 τάλαντα

128 1971 342 2052 Δημοφῶντα
352 1970 467 2050 λαβεῖν
477 1963 599 2052 εάθδς,
614 1964 682 2054 τήν
693 1963 889 2054 δ’ἀδελφήυ
905 1964 987 2035 ὅταν
1000 1964 1076 2054 ήλι-
1105 1994 1111 2007 ·

127 2070 204 2160 κίαυ
219 2068 275 2150 ἔχη
293 2066 407 2140 (τοῦτο
424 2060 456 2141 δ’
474 2071 611 2150 ’ἔμελλεν
628 2071 674 2144 είς
691 2071 762 2143 ἔτος
780 2059 919 2133 δέκατον
934 2067 1076 2151 γενήσε-

128 2171 235 2241 σθαι),
246 2168 367 2228 τοῦτον
377 2156 409 2227 δ’
422 2158 629 2248 ὀγδοήκοντα
638 2169 722 2248 μνᾶς
733 2165 788 2231 καὶ
803 2162 865 2249 τ’ήν
875 2165 999 2249 μητέρα
1012 2163 1077 2249 τήν

127 2259 209 2346 ἐμήν
225 2262 280 2329 καί
295 2256 359 2346 τήν
375 2265 484 2328 οίιιίαν
503 2266 624 2344 οίκελυ,
650 2265 859 2346 Θηριππίδην
877 2259 909 2328 δ’
931 2262 1077 2347 ἑβδομή-

127 2383 229 2433 κοντα
249 2366 334 2444 μναῖς
356 2357 503 2444 λαβόντα
523 2359 780 2446 καρπώσασθαι,
807 2361 869 2438 ἕως
895 2356 981 2445 ἀνὴρ
1009 2358 1076 2445 ἐγώ

126 2463 293 2542 γενοίμην.
313 2456 353 2522 τὰ
366 2455 397 2522 δ’
410 2453 494 2541 ἀλλα
525 2455 580 2525 ὅδ’
597 2459 668 2544 ἐμοὶ
677 2460 776 2544 γυρλς
791 2458 1077 2526 τούτωνκατελεί-

128 2563 201 2638 φδη
225 2561 281 2626 καί
309 2551 347 2621 τὸ
362 2560 510 2638 μισθοῦν
525 2554 586 2622 τδυ
602 2554 866 2642 οδκονήφάυιζεν
881 2559 919 2625 έκ
932 2564 991 2643 της
1001 2561 1077 2624 δια-

51 2680 61 2698 κ
126 2651 250 2736 θήκης,
283 2648 325 2718 οά
344 2653 518 2736 συμφέρον
543 2650 635 2743 αὐτῷ
661 2657 806 2739 νομίζων
831 2653 923 2722 ταῦτ’
952 2654 1077 2727 έπιδει-

83 2757 118 2812 44
125 2754 249 2834 φθῆναι
258 2745 332 2830 παρ’
345 2745 437 2839 ὑμῖν,
451 2748 562 2837 ἐπειδή
572 2757 689 2825 τοίνυν
700 2749 890 2837 ὡμολόγητο
902 2748 955 2820 ὑπ’
968 2751 1091 2821 αὐτοῦ·

124 2845 247 2913 τούτου
257 2845 321 2911 τὸν
334 2849 458 2931 πατέρα
467 2843 564 2934 ἡμῶν
578 2856 781 2917 τελευτῶντα
796 2859 958 2920 τοσοῦτον
968 2848 1075 2936 ἀργή·

125 2968 201 3031 ριον
211 2941 341 3011 τούτων
352 2944 483 3035 έκάστφ
495 2951 631 3031 δοῦναι,
645 2944 823 3032 τεκμήριον
839 2951 877 3016 οί
888 2949 1077 3029 δικάζοντες

125 3042 199 3110 τότε
214 3038 273 3121 τάς
290 3038 468 3129 ὁμολογίας
484 3045 682 3131 ἐποιήσαντο
698 3045 820 3124 ταύτας
834 3055 904 3114 τοῦ
921 3046 1076 3132 πλήθους

124 3149 193 3209 τοῖν
202 3142 392 3229 χρημάτων·
415 3142 505 3222 ὅστις
514 3141 579 3228 γὰρ
591 3139 656 3210 ἀπὸ
667 3150 736 3210 τοῖν
748 3142 856 3212 ὄντοιν
866 3147 1003 3230 τέτταρα
1013 3146 1087 3214 τά·-

124 3248 227 3309 λαντα
242 3242 297 3310 καὶ
306 3251 483 3326 τρισχιλίας
494 3253 613 3324 προῖκα
623 3242 677 3310 καὶ
689 3241 819 3329 δωρεὰν
831 3247 949 3328 ἔδακε,
967 3269 1076 3328 φανε·

125 3333 246 3426 ρδνήν
259 3339 311 3407 ὅτι
328 3337 392 3406 οὐκ
402 3337 467 3406 ἀπδ
478 3347 597 3425 μικρᾶς
612 3337 744 3425 οὐσίας,
765 3338 850 3408 ἀλλά
867 3343 971 3409 πλέον
985 3337 1008 3428 ή
1022 3345 1076 3409 δι-

82 3445 263 3516 εεπλασίας
281 3427 416 3523 ήςέμολ
432 3437 586 3507 κατέλιπε
599 3437 695 3508 ταῦτ’
707 3437 872 3526 ἀφείλου·
892 3437 934 3508 οά
944 3439 1010 3526 γὰρ
1028 3435 1074 3508 ἀν
