2318 3894
300 257 440 319 ΠΡΟΣ
457 247 831 320 leMAx'oN
977 254 1040 322 457

97 410 198 498 αὖθις
220 416 426 501 δικάζεσθαι,
452 417 636 502 νομίζωὲ
596 442 619 500 μ
637 441 659 482 ν
679 412 828 494 ἅπαντας
848 412 935 511 ὑμᾶς
940 418 1041 485 ⁸666-

96 542 168 601 ναι,
190 513 255 584 κᾶν
274 517 378 601 μηδὲν
399 523 481 583 είπω
505 514 598 598 περὶ
596 510 709 589 αὐτόν
723 511 805 599 έγό,
826 505 1037 603 βοόίομαιδ

96 613 185 699 ὅμως
200 611 298 682 καὶ
265 639 325 682 τον
335 612 443 699 νόμον
459 609 540 700 ὑμῖν
550 609 654 680 αὐτὸν
664 608 864 697 ἀναγνῶναι.
896 610 1041 697 λέγετον

96 711 212 799 νόμον.
810 780 814 787 .

471 800 648 881 ΝΟΜΟΣ.
756 820 766 834 ·

71 922 88 975 5
176 906 342 993 Ἀκούετε,
364 934 391 975 ω
379 899 527 994 ἄνδρες
543 908 707 992 δικασταὶ,
729 915 790 975 τοῦ
800 907 909 994 νόμον
926 914 1040 993 σαφεῖς

12 1074 15 1079 ,
94 1009 248 1092 λεγοντος
257 997 428 1091 ἕκαστα,
400 1033 448 1074 ων
458 1033 502 1092 μη
492 1003 598 1073 εἶναι
609 1010 716 1084 δικας
735 996 1040 1091 ωνένέστιν,όμοί-

96 1131 139 1184 ως
149 1119 216 1184 τοῖς
226 1103 339 1182 ἄλλοις
348 1103 477 1188 κόριον,
492 1094 605 1269 περὶ,τ
577 1129 626 1170 ων
635 1102 678 1170 όν
689 1129 738 1182 τις
746 1100 816 1190 όφη
803 1104 880 1171 καὶ
892 1101 1039 1171 ἀπαλλά-

94 1208 143 1299 ξη,
155 1230 199 1290 μη
188 1201 411 1284 δικάζεσθαι
431 1200 518 1270 οὕτω
529 1204 709 1271 τοίνυνκαὶ
719 1226 799 1287 μετα
788 1197 945 1268 πολλόν
953 1225 1038 1287 μαρ-

94 1301 207 1387 τύρων
217 1308 275 1386 τῆς
291 1298 438 1387 όφέσεως
453 1306 643 1385 γεγονυίας,
665 1300 721 1368 καὶ
740 1306 893 1387 φανερῶς
909 1296 1038 1367 ἀπολό-

96 1424 192 1477 οντος
206 1395 300 1485 ἡμᾶς
314 1404 375 1465 τοῦ
395 1397 558 1484 νόμου,ε
560 1405 589 1477 ίς
608 1405 707 1466 τοῦτο
724 1395 960 1483 έληλόθασιν’
941 1423 1038 1465 αναι-

69 1503 248 1582 6σχνντίας
256 1487 350 1564 οὖτοι
360 1497 413 1564 καὶ
423 1493 583 1617 τόίμης“
555 1514 639 1572 ωστε
650 1494 882 1581 τεττάρωνμέν
892 1497 948 1563 καὶ
959 1498 1038 1563 δέκα

95 1597 179 1662 ἐτοῖν
184 1590 454 1679 γεγενημένων’
435 1590 506 1714 αηό
504 1585 547 1660 06
563 1591 623 1661 τόν
639 1592 796 1679 πατέρα
778 1589 1036 1717 ημωνᾶφεδσαν,

94 1700 198 1760 είκοσι
214 1690 251 1759 66
266 1692 320 1758 καὶ
339 1687 471 1759 δυοῑν’
451 1687 506 1776 αφ’
526 1682 570 1759 06
586 1695 786 1778 τυγχάνουσι
807 1695 1037 1778 γεγραμμένοι,

93 1779 358 1874 τετελευτηκότος
369 1789 404 1856 δὲ
416 1791 541 1857 καὶτοῦ
551 1787 676 1877 πατρὸς
685 1814 747 1859 που
733 1787 936 1877 ἠμετέρου,
954 1789 1037 1876 πρὸς

94 1881 134 1953 δν
144 1882 255 1963 αὐτοῖς
266 1888 417 1970 ἐγένοντο
429 1889 466 1952 ac
484 1891 674 1985 διαλλαγαί,
691 1891 747 1957 καὶ
761 1915 829 1956 των
840 1891 1042 1976 ἐπιτρόπων,Ι

27 2022 34 2030 ,
94 1988 128 2050 οἳ
129 1980 223 2104 μετὰ
239 1978 300 2049 τόν
317 1984 446 2050 ἐκείνου
458 1982 609 2052 θόνατου
624 2010 691 2052 των
707 1983 874 2071 ἡμετέρων
886 1991 1037 2073 ἐγένοντο

93 2079 214 2165 κόριοι,
236 2080 293 2147 καὶ
313 2087 370 2165 τῆς
390 2080 519 2156 ἑαυτῶν
539 2079 672 2166 μητρός,
688 2079 764 2167 ἥτις
784 2081 915 2151 ἅπαντα
935 2091 1039 2151 ταῦτα

93 2177 182 2268 ᾔδει,
204 2179 260 2244 καὶ
277 2181 451 2263 διαιτητῶν
466 2179 559 2250 καὶ
539 2177 719 2264 μαρτύρων
740 2181 797 2248 καὶ
818 2180 955 2249 πάντων
969 2187 1038 2248 ταῖν

93 2282 256 2344 πλείστων
267 2273 312 2354 αἱς
322 2282 443 2362 εἰπεῖν,
461 2274 523 2363 τὴν
533 2274 695 2363 ἡμετέραν
705 2275 857 2363 ἀπειρίαν
866 2279 922 2346 καὶ
932 2275 994 2363 την
1003 2280 1037 2358 ἐξ
1115 2317 1121 2330 ·

92 2372 239 2460 όνόγκης
248 2373 388 2459 όίγνοιαν
397 2380 466 2442 τοῖν
476 2377 719 2461 πεπραγμένων
730 2375 866 2461 ἕρμαιον
877 2382 1038 2462 νομίσαν-

93 2496 146 2550 τες
156 2473 284 2539 εαυτῶν
294 2467 352 2550 τὰς
365 2466 485 2560 δίκας
468 2485 547 2560 ημῖν
557 2479 676 2558 ἔλαχον
690 2474 843 2558 ταυτασὶ,
861 2475 917 2541 καὶ
936 2474 1037 2558 λόγον

67 2566 171 2637 ίοότε
191 2572 321 2636 δίκαιον
341 2566 401 2635 οὔτ
406 2566 552 2655 ’έπιεωιῆ
566 2573 836 2656 τοίμιδσιλέγειν.
868 2573 949 2656 φασδ
972 2597 1037 2660 γαρ

93 2664 155 2735 οὐκ
167 2662 356 2735 ἀποδόσθαι
370 2662 412 2734 τὰ
429 2674 566 2756 πατρῷα
583 2694 633 2734 ων
648 2670 835 2754 ἐκομίζοντο
850 2668 1036 2757 χρημάτων,

92 2761 168 2830 οὐδ’
180 2761 444 2849 ἀποστηναιτῶι
456 2762 581 2851 ὄντων,
604 2763 704 2833 626⁰
684 2787 748 2834 οσα
764 2763 877 2859 αὐτοῖς
891 2773 1038 2836 κατελεί-
1110 2810 1113 2817 -

93 2869 167 2946 φθη
176 2865 254 2944 χρέα
264 2864 318 2930 καὶ
330 2862 433 2950 σκεύη
450 2865 505 2933 καὶ
517 2861 602 2942 ὅλως
617 2863 784 2984 χρήματα,
800 2864 928 2934 ταῦθ’
910 2873 1038 2935 εαυτοῖν

91 2962 275 3041 γί.γνεσθαι
305 2957 413 3043 έγώδ
425 2959 526 3028 οἶδ’
507 2986 645 3030 ακουων
656 2989 708 3031 οτι
724 2988 787 3049 την
803 2963 922 3033 ουσιαν
932 2968 1037 3040 Ξενο-

93 3059 211 3141 πείθης
222 3056 556 3145 καὶΝανσικρότης”
532 3080 669 3128 απασαν
677 3061 757 3146 χρέα
773 3064 962 3143 κατέλιπον,
980 3060 1037 3126 καὶ

92 3151 245 3240 φανερόν
263 3155 434 3240 ἐκέκτηντο
452 3157 575 3242 μικρόν
595 3181 685 3225 τινα·
715 3157 982 3242 εἰσπραχθέντων
1000 3154 1037 3223 66

91 3261 160 3321 τῶν
174 3260 282 3339 χρεόν
297 3259 357 3321 καί
368 3279 471 3322 τινων
487 3263 619 3324 σκενοδυ
636 3257 852 3342 πραθέντων,
873 3256 920 3321 §a
930 3251 962 3321 δ’
974 3250 1037 3320 ἄν·

92 3352 285 3437 δραπόδων,
309 3352 364 3419 καὶ
378 3349 418 3419 τὰ
436 3359 539 3438 χωρία
554 3348 685 3429 καὶτὰς
700 3354 871 3428 συνοικίας
881 3351 1035 3435 ἐπρίαντο

65 3452 126 3527 'soc
138 3450 323 3539 ἐπίτροποι,
344 3445 570 3536 δπαρέίαβον
586 3440 689 3521 οὗτοι.
723 3453 754 3517 εί
770 3449 833 3533 μὲν
853 3439 917 3515 οὖν
932 3446 1036 3536 μηδὲν
1132 3469 1137 3478 ·

1049 806 1102 864 986
