2340 3892
278 351 282 357 ι
344 259 488 354 κλει
507 257 778 343 monem
969 259 1032 322 εοο

83 422 172 503 σταὶ,
187 425 360 488 κατέλιπεν
369 414 488 486 ούσίαν
498 417 561 506 μέν
571 415 689 504 σχεδὸν
701 416 867 503 τεττάρων
880 422 937 488 Ικαὶ
952 425 1032 490 δέκα

82 516 270 602 ταλάντων,
296 518 353 602 ἐμὲ
375 514 417 584 δ’
428 514 498 584 ἕπτ’
521 512 643 606 έτωυ”
621 529 704 583 οντα
720 515 832 584 καὶ
797 543 860 635 την
881 515 1033 606 άδελφήν

83 616 198 701 πέντε,
225 619 273 682 ἔτι
290 614 380 682 δὲ
345 639 407 700 την
418 611 580 701 ἡμετέραν
591 618 714 700 μητέρα
731 614 937 700 πεντήκοντα
948 623 1033 703 μνᾶς
1070 613 1073 618 ’

85 710 179 791 είς
145 737 205 779 τον
224 709 358 779 οἶκονί
328 736 344 778 ε
345 712 610 797 ίσενηνεμμένην.
633 709 899 797 βουλευσάμενος
910 715 946 781 δὲ
956 715 1031 797 περι
1157 778 1160 787 ,

82 837 190 896 ημων,
202 835 241 878 οτ
243 807 387 896 ἔμελλε
396 807 598 895 τελευτάν,
575 831 708 876 απαντα
719 832 823 877 ταυτα
834 811 1031 896 ἐνεχείρισεν

82 908 214 998 Ἀφόβφ
231 934 267 976 τε
280 906 388 997 τούτῳ
405 908 461 975 καὶ
480 913 687 993 Δημοφῶντι
705 914 752 995 τῷ
773 907 937 992 Δήμωνος
954 913 1029 993 υίεί,

84 1005 217 1074 τούτοιν
228 1005 292 1091 μὲν
306 1003 500 1090 ἀδελφιδοῖν
516 1001 646 1089 ὄντοιν,
670 1010 718 1091 τῷ
737 1002 798 1088 μὲν
816 1005 849 1082 ἐξ
869 1001 1032 1092 άδελφού,
1155 997 1157 1001 ’

83 1111 131 1192 τῷ
157 1102 189 1171 δ’
201 1106 235 1182 ἐξ
259 1103 407 1190 ἀδελφῆς
427 1099 621 1188 γεγονότοιν
628 1106 708 1185 ,ἐτι
728 1100 763 1168 δέ
776 1106 963 1189 Θηριππίδῃ
985 1110 1030 1190 τῷ

86 1207 247 1286 Παιανιεῖ,
260 1205 350 1286 μένει
360 1200 421 1286 μέν
433 1198 533 1279 ούδέν
542 1198 753 1285 προσήκοντι,
765 1204 852 1287 φίλφ
863 1198 896 1267 δ’
910 1202 948 1267 ἐκ
955 1223 1033 1267 παι-

57 1295 145 1376 5δδς
157 1294 348 1389 ὑπάρχοντι.
369 1295 512 1386 κάκείνφ
529 1298 725 1383 μὲνξέδωκεν
740 1298 776 1363 ἐκ
786 1303 862 1363 ’τοδν
875 1298 964 1381 ἐμεῖν
976 1298 1031 1383 ἑβ-

87 1395 275 1482 δομήκοντα
288 1398 373 1481 μνάς
383 1395 627 1480 καρπώσασθαι
637 1400 801 1461 τοσοῦτον
813 1394 952 1479 χρόνον,
969 1395 1031 1473 ἕως

86 1492 150 1578 ἐγώ
167 1489 253 1578 άνήρ
266 1490 350 1560 εἶναι
362 1497 617 1582 δοκιμασθείην,
634 1492 723 1570 ὅπως
736 1491 781 1578 μή
792 1491 838 1560 δι’
850 1494 1032 1578 ε’πιδυμίαν

85 1588 261 1676 χρημάτων
270 1589 383 1675 χείρύν
393 1616 425 1658 τι
435 1597 503 1658 τῶν
513 1593 603 1677 ἐμῶν
615 1590 807 1677 διοικήσειε
824 1596 1031 1679 Δημοφῶντι

86 1689 121 1756 δὲ
135 1686 197 1774 τήν
212 1687 295 1774 ἐμήν
313 1686 463 1776 ἀδελφήν
474 1690 531 1758 καὶ
548 1689 611 1756 δύο
628 1690 774 1757 τάλαντα
790 1685 897 1767 εύδύς
906 1691 1041 1756 ἔδωκεν

86 1790 186 1870 ἔχειν,
218 1784 309 1876 αύτῷ
322 1787 474 1875 δὲτούτφ
488 1786 550 1873 τήν
567 1788 690 1874 μητέρα
709 1785 773 1873 τήν
794 1784 957 1874 ἡμετέραν
977 1787 1042 1854 καλ

85 1894 206 1968 προίκα
226 1878 434 1968 ’ὀγδοήκοντα
453 1891 554 1970 μναῖς,
582 1886 638 1971 καὶ
653 1892 694 1970 τῇ
716 1891 803 1973 amq
822 1887 879 1954 καὶ
900 1885 1032 1954 σκεύεσι
1141 1934 1148 1946 .

85 1987 230 2067 χρῆσθαι
239 1993 307 2058 τοίς
319 1983 416 2066 ἐμοῖς,
432 1977 624 2066 ἡγούμενος,
636 1983 692 2049 καὶ
702 1983 842 2061 τούτους
853 1989 900 2050 ἐτι
911 1989 1032 2052 οἰκειο-

86 2083 202 2163 τέρους
216 2088 249 2147 εί
255 2105 312 2165 μοι
325 2077 510 2164 ποιήσειεν,
534 2075 596 2146 ούκ
608 2074 652 2145 άν
661 2076 771 2162 χείρύν
781 2103 821 2164 με
837 2080 1032 2163 ἐπιτροπευ-

59 2183 191 2260 σθηναι
200 2200 321 2259 ταυτης
330 2199 389 2260 της
399 2173 598 2260 οἰκειοτητος
607 2199 664 2260 μοι
680 2177 955 2261 προσγενομένης.
973 2182 1033 2241 λα-

86 2270 246 2358 βόντεςδ’
256 2263 469 2351 ούτοιταῦτα
486 2295 620 2355 πρωτον
640 2277 756 2357 σφίσιν
776 2270 888 2350 αύτοίς
909 2275 945 2339 ἐκ
966 2297 1034 2339 των

84 2371 275 2456 χρημάτων,
286 2367 387 2437 καὶ
350 2395 413 2455 την
424 2370 530 2456 άλλην
540 2367 694 2437 ούσίαν”
672 2388 804 2438 απασαν
815 2373 1033 2456 διαχειρίσαν-
1040 2389 1093 2445 315

83 2492 152 2554 τες,
170 2467 225 2535 καὶ
242 2468 320 2560 δέκα
331 2463 415 2553 ἐτητ
398 2474 484 2554 ημᾶς
495 2467 804 2552 ἐπιτροπεύσαντες,
825 2492 866 2534 τα
848 2462 939 2553 μὲν
949 2464 1033 2534 αλλα

83 2564 192 2635 πάντα
212 2553 469 2652 Ιἀπεστερήκασι,
495 2561 558 2651 τήν
578 2571 688 2634 οίκίαν
708 2566 744 2631 δέ
728 2565 818 2631 ἐκαὶ
838 2561 1032 2649 άνδράποδα

81 2667 217 2770 τέτταρα
227 2661 284 2732 κάλ
300 2666 380 2742 δέκα
396 2660 488 2733 ταδ’
469 2669 592 2750 αργυρί
591 2689 632 2732 ου
648 2668 733 2749 μνᾶς
748 2660 945 2748 τριάκοντα,
966 2652 1031 2747 μά-

84 2770 178 2840 λιστα
197 2761 372 2849 σύμπαντα
391 2769 496 2830 ταῦτα
516 2767 562 2841 είς
581 2760 806 2848 ἐβδομήκοντα
821 2766 906 2847 μνᾶς
922 2783 1031 2845 παρα-

60 2858 295 2935 7δεδύκασαν.
308 2859 410 2929 καίεο
432 2861 494 2948 μὲν
511 2861 693 2947 κεφάλαιον
712 2866 782 2928 τῶν
804 2857 1029 2980 ἀδικημάτων,

87 2979 132 3032 ως
143 2978 186 3020 αν
196 2955 419 3042 συντομωτατ
439 2968 527 3026 είποι
544 2970 609 3044 τις,
630 2967 710 3026 τοῦτ
713 2956 846 3042 ’έστιν,
869 2984 894 3024 ω
883 2950 1031 3040 άύδρες

86 3056 251 3121 δικασταί·
224 3059 303 3122 το
289 3052 348 3123 δὲ
359 3061 536 3151 πληδος
496 3082 555 3143 της
565 3051 717 3134 ουσίας
696 3080 748 3123 οτι
756 3079 836 3123 τοντ
840 3047 951 3141 ’ήντδ
968 3076 1031 3119 κα-

84 3152 282 3237 ταλειφθέν,
304 3153 521 3239 μέμιστοιμέν
531 3151 626 3232 αὐτοὶ
643 3152 807 3239 μάρτυρές
818 3176 873 3237 μοι
888 3147 1030 3236 γεγόνα-

86 3268 154 3316 σιν·
166 3259 194 3326 (ε
195 3254 224 3328 ίς
237 3247 302 3335 γάρ
322 3247 387 3334 τήν
405 3257 593 3337 συμμορίαν
608 3247 692 3338 ὑπὲρ
707 3254 791 3337 ἐμοῦ
808 3246 1028 3340 συνετάξαντο

84 3371 167 3414 κατα
179 3346 238 3426 τδις
253 3350 351 3415 πέντε
366 3348 422 3416 καὶ
432 3356 536 3416 είκοσι
547 3356 632 3436 μνᾶς
652 3352 868 3426 πεντακοσίας
884 3345 1028 3432 δραχμὰς

86 3438 267 3532 εἰσφέρειν,
279 3442 423 3531 ὅσονπερ
438 3446 600 3533 Τιμόθεος
611 3443 797 3524 ὁΚόνωνος
810 3446 866 3512 καὶ
877 3447 911 3512 οί
918 3441 958 3511 τὰ
969 3445 1028 3527 μέ·

1071 3632 1125 3660 Δ
