2318 3894
139 221 202 286 446
327 225 461 284 xxxvss.
484 223 900 286 ΔΗΜΟΣΘΕΝΟΥΣ

139 408 196 469 της
216 387 353 468 πολίτην
370 378 494 449 δύναιτ’
512 375 556 448 άν
577 387 727 467 ποιῆσαις
748 390 781 450 τί
802 373 865 450 οὖν
886 384 955 450 ἐστι
971 387 1089 460 τοῦπος

140 479 202 549 ούκ
219 485 313 565 ἔχων,
326 477 426 567 οἶμαι,
439 476 508 548 κατ’
523 477 623 547 οὐδὲν
634 479 688 547 διὰ
699 478 762 567 τὴν
771 476 959 565 ἀποδημίαν
971 485 1019 559 εἰς
1030 482 1090 568 ἐμὲΙ
1149 510 1152 517 ·

137 576 267 648 τούτων
277 575 466 663 άνενεγκεϊν
475 604 517 660 τι,
525 591 748 662 συκοφαντεῖν
758 577 794 644 δὲ
805 577 1029 663 βουλόμενος,
1042 570 1099 664 εἰς.

138 679 322 761 προσέταξα
334 679 530 761 ἐνέγραψεν·
552 672 705 762 οὐδὲγάρ
722 676 821 759 λόγος
836 667 889 762 ἦν,
901 680 932 770 εἰ
940 671 985 761 μη
996 671 1086 742 τοῦτ’

56 841 62 854 ,
138 778 299 860 ἐποίησεν.
324 771 629 858 λέγετάκόλονθον.

486 930 780 993 EPKAHMA.

91 1086 125 1137 25
219 1067 289 1144 [Καί
300 1059 399 1167 ἐπειδὴ
410 1052 511 1143 άφλον
522 1059 619 1148 ἰγόι
589 1069 632 1126 τά
642 1066 781 1168 δημοσίῳ,
799 1061 981 1167 καταστήσας
987 1059 1082 1130 Ἀντι-

176 1142 309 1231 γίνην
281 1173 334 1213 τον
350 1149 455 1212 ἑαντού
468 1147 583 1248 οἰκέτην
598 1125 639 1221 εἰς
654 1171 687 1210 το
676 1127 939 1252 ἐργαστήριον
909 1173 942 1211 το
937 1144 1079 1293 ἒὲμὸν
1050 1174 1082 1213 το
1142 1196 1146 1204 ,

176 1232 224 1294 ἐπὶ
238 1229 399 1317 Θρασύλλῳ
410 1227 515 1315 κύριον
525 1235 585 1292 τῶν
593 1222 710 1310 ἕμῶν,’
692 1230 926 1313 απαγορεύοντος
937 1232 1019 1313 ἒ.μον
995 1237 1033 1313 ]

217 1362 385 1450 Ἐ.πισχες
400 1362 604 1442 πάλινταντὶ
617 1359 791 1429 πάνταύπ’
803 1361 910 1430 αὐτοῦ
920 1370 982 1432 τοῦ
992 1367 1082 1453 πρά·
1090 1385 1139 1442 974

96 1532 100 1540 ,
132 1486 255 1548 γματος
269 1461 537 1547 ἐξελεγχθήσεται
548 1459 761 1543 ψευδόμενος.
782 1462 928 1546 γέγραφε
940 1459 1007 1547 γάρ
1019 1490 1082 1531 κα-

131 1566 289 1645 ταστῆσαι
304 1559 365 1644 μὲν
381 1561 453 1644 ἐμὲ,
482 1550 703 1642 ἀπαγορεύειν
724 1557 760 1625 δὲ
776 1554 889 1626 αύτόν.
923 1568 1030 1627 ταῦτα
1048 1560 1080 1628 δ’

132 1654 193 1741 οὐχ
212 1652 339 1724 οἷόντε
356 1653 472 1740 τόνμη
490 1655 648 1738 παρόντα.
672 1652 749 1722 οὔτε
760 1651 825 1741 γάρ
836 1663 1000 1742 καθίστην
1013 1657 1078 1742 ἐγώ

131 1779 158 1820 ο
162 1779 199 1838 γε
218 1749 265 1819 όν
280 1755 319 1820 ἐν
334 1777 380 1840 τφ
367 1751 526 1839 Πόντῳ,
549 1747 621 1817 οὔτ’
634 1748 844 1836 άπηγόρενεν
861 1745 958 1831 οὗτος
973 1780 1021 1844 τφ
1033 1782 1095 1841 μη

86 1869 121 1924 26
131 1850 285 1934 παρόντι·
308 1857 378 1927 πῶς
392 1847 470 1934 γάρ;
491 1870 559 1926 πως
576 1840 640 1916 οὖν
658 1846 737 1927 εἰς’
720 1875 871 1936 ανάγκην
880 1843 966 1937 ηλθε
978 1852 1075 1921 ταῦθ’

130 1945 217 2015 ούυο
232 1946 373 2034 γράψαι
364 1996 373 2029 ,
395 1944 573 2031 ὁΕύεργος
589 1942 664 2032 τότ’,
688 1944 791 2032 οἰμαι,
813 1943 1058 2069 πλημμελῶν
1028 1977 1078 2017 αν

45 2113 48 2118 ,
128 2047 251 2112 δέδωκε
270 2050 382 2132 δίκην,
405 2043 561 2131 σννηθοος
579 2049 663 2130 ἔχων
678 2047 750 2129 ἐμοί
770 2048 824 2112 καί
841 2047 1008 2134 γνάριμος
1028 2044 1077 2115 οἰν

127 2146 303 2228 κατέστησε
320 2140 381 2211 τόν
398 2144 529 2228 οἰκέτην
543 2151 681 2209 οἰκοθεν
699 2140 812 2227 λαβών
828 2141 902 2228 παρ’
915 2149 998 2231 ἐμοῦ
1007 2172 1075 2232 φν-

128 2240 257 2307 λάττειν
269 2237 313 2318 ὡς
324 2237 434 2307 αὑτόν.
457 2245 488 2306 εἰ
501 2239 562 2323 μὲν
573 2232 637 2307 ούν
653 2244 774 2324 ἔγραψε
789 2241 949 2329 τάληθὲς,
970 2249 1075 2328 γέλως

126 2333 170 2405 άν
184 2329 242 2423 ἦν·
264 2345 299 2405 τί
307 2337 382 2423 γὰρ,
402 2343 433 2406 εἰ
441 2336 641 2423 κατέστησεν
651 2336 815 2425 Εὔεργος,
828 2341 893 2424 ἐγοό
904 2360 941 2409 σε
953 2338 1074 2420 άᾶικολ;

126 2435 262 2520 φεύγων
274 2436 315 2503 ,δὲ
331 2443 429 2503 τοῦτο
447 2433 567 2525 τοιαῦτ’
585 2433 791 2521 ἠνάγκασται
808 2438 970 2525 γράφειν,
991 2438 1035 2508 ἵν’
1053 2433 1075 2526 ᾗ

125 2529 208 2618 πρός
219 2534 273 2618 ἐμὲ
284 2529 374 2621 αύτῷ
385 2530 422 2601 τό
435 2539 589 2620 ἔγκλημα.
611 2537 685 2619 λέγε
695 2530 735 2602 τά
747 2537 870 2621 ἐφεξῆς.

470 2692 713 2756 ΕΓΚΑΗΜΑ.

207 2796 352 2899 [Κάπειτα
367 2804 468 2876 πείσας
480 2797 553 2876 τούς
577 2805 689 2876 οἰκέτας
704 2797 772 2877 τούς
789 2799 887 2885 ἐμούς
893 2807 1073 2882 καθίζεσθαι

165 2876 243 2956 εἰς
215 2905 267 2944 τον
277 2889 441 2967 κεγχρεῶνα
451 2884 498 2947 ἕπί
508 2880 606 2971 βλάβη
617 2909 660 2970 τη
639 2885 738 2969 Ἣίμῇ]

76 3033 111 3088 27
210 3016 309 3084 Τοντί
330 3024 499 3095 παντελος
515 3016 579 3102 ἤδη
599 3019 654 3084 καί
666 3015 798 3099 αναιίἰς
810 3023 913 3089 ἐστιν
942 3019 985 3088 οὐ
1004 3022 1095 3106 γάρ’

119 3101 225 3196 μόνον
235 3116 272 3181 ἐκ
283 3139 344 3182 τον
329 3121 596 3200 προκαλεῖσθαι
605 3115 745 3196 τούτους
755 3123 975 3203 παραδοῦναι,
986 3146 1070 3187 τον-

119 3233 179 3276 τον
194 3210 230 3277 δὲ
251 3236 296 3295 μη
317 3214 461 3297 ἐθέλειν,
483 3211 567 3280 άλλά
588 3214 643 3280 καί
664 3217 700 3282 ἐκ
720 3215 855 3283 πάντων
877 3217 980 3301 δῆλόν
999 3221 1070 3285 ἐστι

119 3303 278 3387 ψεύόος”
258 3332 308 3374 ον.
340 3317 430 3387 τίνος
445 3309 510 3395 γάρ
528 3311 603 3377 ἕνεκ
602 3306 818 3390 Ἠἰπειθαν;
802 3340 857 3380 ινα
874 3339 914 3400 νη
932 3312 998 3382 Δί’
1004 3312 1068 3382 αύ-

119 3404 197 3482 τούς
213 3405 390 3489 κτήσωμαι.
423 3404 492 3474 ἀλλ’
506 3410 662 3494 αἰρέσεάς
684 3436 740 3496 μοι
763 3415 917 3499 δοθείσης
936 3407 959 3498 ἢ
979 3418 1067 3499 ἔχειν
