2318 3894
154 247 197 312 48
366 247 439 305 XX.
442 241 875 308 ΔΗΜΟΣΘΕΝΟῬΣ

155 407 312 494 ποιήκατε
321 402 400 484 τούς
410 368 627 489 εὑρομένους,
643 403 750 470 καὶ
710 428 767 487 της
776 401 1008 489 Δημοφάντου
1021 403 1099 489 στή-

155 515 215 593 λης
224 498 333 593 περὶ
310 531 349 593 ης
360 503 428 572 είπε
440 508 611 587 Φορμίων,
630 492 699 569 έν
677 527 699 589 η
709 504 890 588 γέγραπται
899 504 956 571 καί
966 498 1100 588 έμάμο-

155 630 219 690 ται,
231 604 275 672 άν
284 630 332 682 τις
342 600 481 688 άμάνων
492 625 523 666 τι
534 599 627 686 πάδη
637 607 679 685 τῇ
690 604 908 688 δημοκρατίᾳ,
926 597 987 678 τάς
997 595 1148 678 αὐτάςοοο

156 693 1100 787 δάσεινδωρεὰςάσπερἈρμοδίιικαὶἈριστογείτονηκα-

133 781 390 884 ’ταψηφίσασδε
406 803 467 863 τοῦ
477 795 594 881 νόμου.
626 791 668 862 οὐ
684 791 749 880 γάρ
761 791 867 861 ἔνεστ’
881 791 1050 881 εὐορκεῖν,
1071 797 1100 860 εί

156 895 201 983 μὴ
211 903 308 962 τοῦτο
321 893 479 980 ποιήσετε.

96 1009 149 1066 160
239 989 337 1076 Παρὰ
354 993 463 1059 πάντα
480 990 517 1059 δέ
532 997 635 1057 ταῦτα
651 991 757 1058 έκεῖνο
766 993 821 1057 έτι
838 988 1007 1058 ἀκούσατέ
1025 1013 1097 1076 μου.

157 1086 220 1160 οὐκ
231 1095 279 1156 ένι
290 1094 499 1174 τοῦτονέχειν
508 1095 616 1166 καλῶς
625 1086 685 1155 τὸν
694 1087 808 1173 νόμον,
816 1086 1099 1174 δςπερὶτσένπαρ-

105 1235 109 1242 -
159 1187 376 1273 εληλυδότων
397 1189 453 1254 καὶ
472 1195 541 1254 τάν
555 1186 744 1271 μελλόντων
753 1184 856 1253 ταύτά
867 1187 966 1272 λέγει.
990 1181 1098 1272 μηδέν’

156 1283 245 1354 ελναί
252 1304 354 1372 φησιν
365 1281 462 1370 άτελῆ
473 1282 633 1370 πληντάν
643 1281 699 1368 ἄρ’
706 1281 883 1370 Ἁρμοδίου
893 1282 1100 1369 κάλἈρισεω

108 1394 111 1399 ’
154 1391 312 1470 γείτονος.
334 1390 450 1461 καλῶς.
474 1381 555 1468 μηδὲ
566 1380 603 1450 τὸ
615 1379 733 1449 λοιπὸν
743 1385 862 1466 ἐξεῖναι
871 1387 999 1451 δοῦναι.
1022 1377 1099 1468 μηδ’

157 1477 201 1547 άν
211 1489 358 1548 τοιοῦτοί
372 1506 459 1558 τινες
475 1477 651 1564 γένωνται,
674 1485 835 1567 Λεπτίνης
866 1486 897 1549 εί
911 1481 951 1549 τά
962 1476 1028 1564 πρὸ
1041 1488 1100 1548 τοῦ

98 1595 149 1650 161
156 1581 385 1662 κατεμέμφου,
396 1583 442 1654 τίς
463 1575 506 1660 μὴ
517 1575 621 1643 καίτά
632 1575 776 1661 μέλλοντ’
790 1577 895 1665 ᾔδεις;
919 1576 1023 1664 ὅτινη
1034 1583 1100 1644 Δία

157 1675 272 1757 πόρρω
281 1680 342 1740 τοῦ
354 1699 384 1740 τι
394 1681 548 1740 τοιοῦτον
560 1676 699 1753 ἐλπίζειν
708 1681 774 1741 νῦν
784 1676 892 1760 έσμέν.
905 1689 914 1726 s
924 1677 979 1742 καί
990 1677 1111 1761 είημέν·

155 1769 196 1857 γ’,
209 1764 551 1856 άάνδρεςἏδηναίοι.
575 1767 658 1838 άλλά
669 1770 732 1858 χρή
742 1796 780 1856 γε
790 1769 992 1855 ἀνθρώπους
1004 1769 1101 1850 ὄντας

156 1875 292 1936 τοιαῦτα
308 1870 364 1935 καί
375 1871 484 1952 λέγειν
499 1871 554 1936 καί
572 1878 769 1955 νομοθετεῖν
795 1865 845 1946 οἷς
872 1865 1038 1955 μηδείςάυ
1046 1894 1102 1936 νε-

157 1966 380 2054 μεσήσαι,καλ
388 1965 520 2052 τάγαθδι
530 1966 591 2053 μέν
601 1972 791 2052 προσδοκᾶν
800 1969 855 2034 καί
865 1981 932 2045 τοῖς
941 1965 1103 2049 δεοϊςεῦ-

157 2075 275 2152 χεσθαι
286 2064 429 2151 διδόναι,
445 2066 552 2132 πάντα
569 2063 600 2132 δ’
614 2063 813 2149 άνδράπινα
827 2062 1006 2150 ηγετσδαι.’
1024 2063 1102 2132 οὐδὲ

157 2161 223 2250 γάρ
240 2158 283 2230 ι’ἰν
293 2163 553 2250 Λακεδαιμόνιοί
565 2161 635 2231 ποτ’
652 2162 796 2249 ἤλπισαν
811 2168 857 2241 είς
867 2171 1004 2230 τοιαῦτα
1015 2161 1101 2247 πρά-

158 2258 257 2346 γματ’
270 2260 463 2346 ἀφίξεσθαι,
485 2260 568 2330 οὐδέ
583 2258 611 2346 γ’
624 2271 703 2339 ίσως
719 2260 925 2344 Συρακόσιοι
943 2259 980 2329 τι)
1000 2260 1101 2330 πάλαι

159 2360 465 2445 δημοκρατούμενοι
484 2361 538 2428 καί
555 2358 683 2445 φόρους
692 2362 940 2444 Καρχηδονίους
957 2355 1101 2443 πραττό-

159 2482 254 2543 μενοι
264 2461 319 2524 καί
331 2457 466 2524 πάντων
481 2482 550 2523 των
566 2453 691 2539 περὶ
652 2454 775 2534 αυτούς
785 2456 940 2543 άρχοντες
950 2459 1005 2523 καὶ
1017 2480 1101 2522 ναυ-

159 2560 259 2650 μαχίηι
273 2577 481 2639 νενικηκοτες
489 2551 606 2639 ημάς
587 2551 644 2638 νφ’
654 2554 729 2632 ενος
737 2553 1009 2641 γραμματέως,
980 2578 1101 2638 ωςφα-

98 2667 150 2722 162
159 2669 204 2732 σι,
214 2649 493 2735 τυραννησεσδαι.
516 2646 633 2736 ονδέγ’
647 2649 665 2718 ὁ
680 2677 745 2718 νυν
756 2648 994 2730 ωνΔιονύσιος
1004 2651 1102 2738 ἤλπι-

159 2766 218 2813 σεν
238 2744 283 2812 άν
304 2743 373 2812 ποτ’
389 2755 470 2824 έσως
488 2752 591 2837 πλοίςο
607 2750 798 2838 στρογγύλα
815 2752 870 2817 καί
891 2751 1102 2834 στρατιώταις

158 2841 281 2928 ὀλίγοις
290 2851 405 2911 Δίωνα
423 2844 600 2914 έλδάνταέ
584 2844 633 2933 έήι
645 2845 749 2916 αὑτὸν
765 2852 916 2934 έκβαλείν
931 2845 991 2916 τὸν
1008 2848 1103 2932 τριή-

159 2939 360 3026 ρειςπολλάς
378 2943 433 3010 καὶ
451 2945 565 3024 ξένους
576 2947 631 3013 καί
647 2946 758 3023 πόλεις
772 2949 983 3032 κεκτημένον.
1019 2942 1101 3031 ἀλλ’,
1137 2988 1140 2993 ·

158 3038 259 3126 οἶμαι,
270 3037 307 3108 τὸ
319 3042 441 3126 μέλλον
451 3039 576 3128 άδηλον
587 3052 689 3112 πᾶσιν
698 3042 907 3128 ἀνθρώποις,
924 3047 980 3112 καί
990 3045 1102 3130 μικροὶ

103 3204 107 3211 ,
157 3139 267 3222 καιροί
282 3137 435 3222 μεγάλων
450 3141 651 3226 πραγμάτων
666 3150 763 3209 αίτιυι
777 3149 955 3227 γίγνονται.
988 3140 1040 3211 διὸ
1053 3147 1105 3210 δελ

102 3253 106 3260 ’
158 3235 340 3321 μετριάζειν
360 3238 397 3302 έν
417 3250 488 3316 ταῖς
508 3237 697 3324 εὐπραξίαις
716 3241 772 3308 καὶ
792 3239 1098 3328 προορωμένους
1064 3265 1101 3308 το

158 3335 279 3418 μέλλον
289 3358 337 3418 φα
338 3341 477 3404 νεσδαι
648 3403 653 3411 ,

100 3440 150 3496 163
241 3430 432 3499 Homo*
409 3460 453 3501 αν
460 3459 510 3514 τις
527 3438 594 3520 ἔχοι
611 3437 719 3521 λέγειν
730 3442 776 3504 ἔτι
791 3441 847 3506 καὶ
864 3440 1018 3518 διεξιέναι
1027 3433 1153 3526 περίοδλ
