2318 3894
104 207 105 211 '
172 235 235 300 εοε
372 239 478 297 xxvu.
499 235 915 323 Λαμοεεααουα

173 393 224 464 διδ
230 394 303 482 πρὸς
312 391 500 480 τὸνἎφοβον
516 392 704 476 εἰσελήλυθεν
719 397 877 480 ἐπιτροπῆς
887 397 959 461 δέκα
970 393 1123 464 ταλάντων

171 474 227 565 τήν
249 486 336 562 δίκην
358 475 470 562 λαχάν,
499 474 601 560 ἐπειδή
622 482 717 562 τρίτος
734 473 778 542 ἀίν
798 481 950 562 ἐπίτροπος
970 475 1003 544 τὸ
1025 486 1123 566 τρίτον

170 560 281 646 ὀφείλει
290 571 350 628 τῶν
361 558 530 647 χρημάτων·
555 557 575 622 ἀ
588 562 638 624 καί
650 564 825 666 συντίθησιν
836 556 852 626 ὁ
864 562 959 648 ῥήτωρ
971 566 1004 628 ἔκ
1024 588 1056 628 τε
1065 572 1124 631 των

172 643 301 733 ἀρχαίων
312 649 362 710 καί
372 654 423 728 τής
434 646 667 729 ἐπικαρπίας-
677 638 761 706 Κατά
771 642 899 756 Αφόγδου
910 653 944 709 Β.
956 643 1031 730 πρός
1041 672 1123 724 τινας

172 727 355 814 ἀντιρρήσεις
368 729 522 811 λεγομένας
537 721 596 790 ὑπὸ
607 732 659 789 τοῦ
667 721 798 806 Ἀφόβον
815 753 899 804 ουτος
914 725 1035 813 δ’λόγος
1052 733 1121 814 ἐπη-

168 811 324 897 γάνισται,
337 814 393 893 ἔχει
404 811 437 875 δὲ
446 811 498 874 καί
508 814 568 873 τῶν
577 811 796 893 προειρημένων
806 810 1025 894 έπανάμνησινο
1119 835 1124 844 ’

252 983 700 1072 ΕίμὲνέβοείλετοἍφοβος,
723 979 751 1055 ὦ
761 985 1062 1076 άνδρεςδικασταί,
1083 985 1152 1062 τά81

170 1087 280 1151 δίκαια
292 1094 399 1149 ποιείν
409 1076 431 1166 ή
442 1084 517 1167 περί
529 1075 578 1150 ὦν
589 1084 818 1170 διαφερόμεθα
828 1098 896 1163 τοῖς
907 1092 1045 1166 οἰκείοις
1056 1089 1121 1155 έπε-

170 1183 318 1264 τρέπειν,
337 1176 437 1247 οὐδέν
448 1175 492 1246 ἀν
503 1185 570 1248 ἔδει
581 1185 685 1249 δικῶν
697 1180 776 1250 οὐδὲ
791 1181 1008 1268 πραγμάτων·
1043 1181 1123 1252 ἀτεί-

170 1304 232 1365 χρη
253 1275 317 1364 γάρ
340 1273 385 1344 ἀν
407 1276 546 1356 τοίςὺπ’
570 1282 708 1349 ἐκείνων
730 1289 934 1365 γνωσθεῖσιν
959 1283 1134 1367 ἐμμένειν,

172 1375 258 1444 ω’στε
286 1381 449 1463 μηδεμίαν
478 1374 560 1464 ἡμῖν
585 1377 669 1446 είναι
698 1378 781 1466 πρὸς
802 1384 923 1445 τοῦτον
946 1379 1122 1464 διαφοράν.

171 1473 282 1559 ἐπειδὴ
302 1474 334 1542 δ’
350 1466 448 1567 οὗτος
460 1473 541 1554 τοὺς
564 1476 625 1561 μέν
648 1484 763 1561 σαφεῖς
783 1473 964 1554 είδόταςτά
983 1473 1123 1562 ἡμέτερα

170 1578 275 1657 ἔφυγε
289 1575 391 1659 μηδὲν
406 1578 588 1658 διαγνῶναι
599 1575 674 1661 περὶ
684 1571 814 1659 αὐτῶν,
838 1579 884 1651 είς
902 1570 933 1640 δ’
950 1569 1124 1658 ὑμᾶςτοδς

152 1669 271 1759 ,οὐδὲν
284 1666 529 1756 τῶνήμετέρων
540 1668 685 1757 ἀκριβῶς
696 1672 934 1756 ἐπισταμένους
945 1670 1121 1755 έλήλυθευή
1145 1756 1148 1762 .

169 1766 300 1853 ἀνάγκη
314 1768 402 1835 ἐστίν
415 1769 455 1835 έν
466 1764 547 1854 ὑμίν
566 1765 645 1851 παρ’
666 1763 773 1834 αὐτοῦ
787 1774 969 1853 πειρᾶσθαι
987 1773 1058 1835 τῶν
1074 1770 1122 1834 δι-

144 1872 274 1946 ηκαίων
283 1864 471 1950 τυγχάνειν.
507 1863 581 1934 οίδα
598 1863 660 1952 μὲν
678 1856 758 1952 οὖν,
783 1857 809 1931 ὦ
827 1862 947 1946 ἄνδρες
959 1865 1119 1948 δικασταί,

170 1962 223 2033 ὅτι
240 1962 324 2050 πρὸς
340 1963 465 2047 ἀνδρας
480 1967 536 2033 καί
557 1968 666 2049 λέγειν
683 1960 819 2039 ίκανούς
834 1962 891 2029 καί
908 1964 1132 2044 παρασκευά-’

171 2074 296 2132 σασθαι
317 2069 524 2150 δυναμένους
543 2061 689 2148 χαλεπόν
715 2064 805 2129 ἐστιν
827 2064 874 2139 είς
892 2056 1008 2144 ἀγῶνα
1022 2064 1122 2127 καθί-

169 2163 313 2230 στασθαι
340 2163 506 2248 περὶτῶν
532 2160 642 2231 ὄντων
671 2155 846 2241 ἁπάντων,
880 2154 1021 2242 άπειρον
1042 2157 1121 2226 ὅντα

168 2260 360 2328 παντάπασι
381 2260 586 2347 πραγμάτων
606 2254 662 2326 διά
687 2255 750 2344 τήν
774 2252 922 2342 ἡλικίαν·
956 2252 1054 2340 ὅμως·
1073 2255 1118 2339 δέ,

167 2367 286 2447 καίπερ
299 2358 386 2429 πολδ
397 2360 527 2428 τούτων
539 2357 792 2440 καταδεέστερος
804 2349 869 2437 ἀν,
887 2349 1014 2430 πολλάς
1031 2355 1122 2421 έλιεί-

168 2462 227 2537 δας
237 2463 300 2543 ἔγω
311 2459 366 2525 καί
377 2453 451 2543 παρ’
463 2455 544 2542 ὑμῖν
553 2447 730 2536 τεύξεσθαι
740 2460 808 2521 των
818 2454 955 2519 δικαίων
964 2450 1022 2518 καί
1030 2455 1122 2536 μέχρι

166 2581 204 2639 γε
218 2561 280 2621 τοῦ
292 2552 332 2622 τά
343 2556 546 2639 γεγενημένα
560 2558 741 2634 διεξελθεῖν
752 2553 807 2619 καί
818 2545 919 2626 αὐτὸς
928 2545 1122 2641 άρκράυτως

46 2674 51 2683 ·
166 2655 270 2735 ἐρεῖν,
286 2649 374 2718 ὥσθ’
386 2647 472 2737 ὑμᾶς
483 2648 561 2737 μήτ’
573 2649 822 2736 ἀπολειφθῆναι
833 2653 902 2716 τῶν
916 2647 1121 2732 πραγμάτων

165 2745 248 2831 μηδὲ
258 2746 341 2814 καθ’
353 2750 390 2814 ἓν
399 2745 476 2834 μήτ’
490 2746 652 2834 ἀγνοῆσαι
662 2749 738 2833 περὶ
749 2739 798 2814 οἷν
809 2746 920 2833 δεήσει
929 2740 992 2830 τήν
1001 2750 1119 2834 ψῆφον
1127 2757 1155 2813 81

140 2847 319 2928 ὅέυεγκείν.
353 2846 469 2928 δέομαι
476 2841 516 2908 δ’
534 2841 648 2928 ὑμῶν,
668 2835 704 2909 ,οἵ
719 2839 838 2924 ἀνδρες
854 2841 1023 2926 δικασταί,
1044 2838 1116 2927 μετ’

163 2941 296 3022 εὐνοίας
307 2943 344 3010 τέ
354 2939 590 3029 μουάκοῦσαι,
619 2935 686 3008 κάν
696 2936 878 3024 ήδικήσθαι
899 2943 988 3005 δοκεῖ
995 2987 1005 3024 ,
1034 2944 1118 3025 βοη-

163 3047 271 3128 θῆσαί
281 3066 338 3128 μοι
350 3037 391 3108 τὰ
402 3044 521 3109 δίκαια.
548 3036 727 3123 ποιήσομαι
737 3032 769 3102 δ’
785 3032 829 3115 ὡς
839 3031 883 3103 ἀν
896 3035 1052 3121 δύνωμαι
1062 3033 1118 3107 διδ

163 3140 380 3224 βραχυτάτων
388 3138 468 3219 τούς
481 3138 610 3224 λόγους.
628 3135 713 3205 ὅθεν
726 3129 791 3206 οὖν
802 3140 905 3226 ῥᾷστα
916 3127 1117 3222 μαθήσεσθε

97 3264 100 3269 ’
163 3237 238 3318 περὶ
256 3234 384 3322 αὐτῶν,
409 3240 570 3313 ἐντεῦθεν
583 3230 668 3322 ὑμᾶς
688 3237 742 3304 καί
763 3233 828 3321 ἐγώ
846 3240 980 3318 πρῶτον
996 3233 1117 3319 πειρά-

162 3353 263 3418 σομαι
279 3334 466 3401 διδάσκειν.Ι
610 3386 616 3395 .

137 3451 156 3504 4
245 3433 467 3519 Δημοσθένης
485 3429 552 3519 γάρ
573 3429 675 3519 οὑμδς
691 3432 815 3520 πατήρ,
846 3425 1006 3518 (ἀάυδρες
1017 3433 1115 3501 δικα-
