2318 3894
216 268 353 332 KATA
373 220 852 336 Ανεενονωενὸωοε
869 274 910 335 A.
974 274 1036 354 κω

92 431 185 502 δεινά
202 433 407 500 πεπονθέναι
422 426 634 516 κομιοῦνταις
658 421 687 519 96
701 427 766 515 γάρ
784 427 862 499 0666
877 439 946 499 τῶν
957 442 1039 501 ίσων

90 529 168 599 0666
188 538 256 597 των
277 532 461 614 ἐγκυκλίων
479 533 617 595 δικαίων
636 536 816 615 μετουσίαν
827 529 989 597 διδόασιν
1008 533 1042 598 oc

89 631 202 715 νόμοι,
227 619 403 705 οὖτοςτων
418 624 610 713 ἀνηκέστων
626 627 867 714 ἑτέροιςαίτιος
883 633 1039 713 γίγνεται,

90 725 153 794 οὐκ
170 724 283 809 ορθως
294 721 373 791 ουδὲ
382 731 557 802 πολιτικως
568 721 680 791 066
656 749 700 801 ως
711 727 874 811 συμφέρει
883 728 1040 810 γιγνομί-

49 840 81 893 76
89 851 160 892 νων
176 821 315 890 τούτων.
348 819 422 890 ἀλλ’
441 829 543 908 ἔγωγε
563 820 664 890 ταῦθ’
676 819 781 921 ὀροῖν
801 823 977 911 θαυμάζω,
999 819 1038 891 τὸ

88 923 179 991 τάνω
195 922 284 989 κάτω
300 926 551 1041 γεγενῆσθαιτί
564 944 626 989 ποτ
628 888 758 988 ὀίεσθ’
771 919 863 989 εἶναι.
896 919 1038 1009 ίάνὴγῆ
1100 985 1121 1005 N

89 1019 189 1106 μὲν”
165 1045 255 1105 ανω,
275 1018 315 1087 τά
335 1016 365 1086 6'
384 1015 490 1105 άστρα
508 1017 598 1087 κάτω
614 1020 763 1104 γένηταις
785 1016 848 1086 οὖν
863 1024 930 1087 ἔστι
939 1045 1038 1088 τουτο

66 1120 357 1205 γενεσθαι,μηθὲ
367 1119 507 1202 γένοιτο.
539 1111 648 1184 άλλ’“
627 1141 725 1202 οταν,
743 1111 792 1194 οἷς
803 1121 838 1183 ἐκ
848 1142 915 1184 των
926 1118 1039 1203 νόμων
1115 1198 1120 1207 Ι

92 1214 137 1302 μὴ
154 1221 293 1300 ἔξεστιν,
315 1218 351 1282 ἐκ
366 1220 435 1281 των
450 1210 619 1299 ὑμετέρων
634 1212 828 1300 βουλήσεων
838 1217 905 1301 ἐξῇ,
926 1212 1039 1300 ὅτανὴ

91 1312 154 1400 μὲν
164 1317 306 1399 πονηρία
315 1317 455 1397 τιμᾶται,
467 1308 507 1378 τά
519 1310 642 1397 χρηστά
653 1309 686 1378 6'
698 1308 946 1397 ἀπορρίπτηται,
958 1311 1040 1381 ὅταν

90 1409 128 1478 τὸ
142 1414 270 1478 δίκαιον
280 1412 335 1478 καί
344 1407 382 1477 τό
395 1413 568 1496 συμφέρον
577 1407 712 1502 ἡττᾶται
721 1417 782 1478 τοῦ
793 1409 945 1497 φθόνου,
967 1409 1038 1480 τότ’

91 1507 162 1576 άυω
173 1508 228 1576 καὶ
238 1507 327 1593 κάτω
337 1503 446 1575 πάντα
457 1506 518 1594 χρὴ
530 1514 673 1595 νομίζειν
682 1507 886 1595 τετράφθαι.’

51 1624 86 1679 76
165 1603 251 1691 Ἤδη
261 1611 377 1673 τοίνυν
386 1603 478 1685 τινάς
488 1604 921 1695 είδοντῶνάγωνιζομένων,
933 1614 1040 1687 οθτοθς
1082 1692 1085 1703 .

91 1703 283 1797 πράγμασὶν
290 1701 401 1782 αὐτοῖς
412 1701 632 1791 ἁλισκόμενοι,
643 1705 698 1774 καί
708 1704 771 1775 οάκ
781 1712 910 1794 ἔχοντες
921 1704 965 1788 ὥς
975 1705 1038 1775 οὐκ

93 1804 246 1871 ἀδικοῦσι
257 1807 370 1894 δεῖξαι,
381 1806 416 1871 oc
423 1803 540 1888 μὲνείς
549 1801 683 1892 τὴντοῦ
693 1811 771 1893 βίον
780 1804 974 1893 μετριότητα
983 1808 1038 1874 καί
1047 1818 1100 1885 793

93 1898 316 1986 σωφροσύνην
331 1901 536 1988 κατέφυγον,
559 1906 594 1970 oc
609 1901 640 1970 θ’
661 1909 707 1982 είς
722 1903 761 1971 τά
777 1911 845 1972 τῶν
862 1903 1038 1991 προγόνων

92 2003 172 2083 ἔργα
182 2000 237 2065 καί
247 2004 463 2085 λειτουργίας,
481 2003 517 2067 oc
524 1998 556 2066 δ’
568 2004 614 2077 είς
624 2000 719 2086 ἕτερα
728 2006 864 2068 τοιαῦτα
874 1999 919 2068 δι’
932 1994 982 2068 66
993 2007 1038 2080 είς

87 2102 185 2165 ἔλεον
193 2098 247 2164 καὶ
257 2093 600 2183 φιλανθρωπίαντονς
609 2097 826 2181 θικαζοντας
805 2121 940 2183 ηγαγον
958 2100 1039 2164 τού·
1054 2174 1056 2179 .

91 2220 137 2282 τῳ
155 2193 186 2262 6’
206 2192 361 2260 οὐθέναε
345 2202 415 2311 οραῑ
430 2220 499 2261 των
515 2194 628 2262 τόπων
643 2194 772 2261 τὀάτων
787 2191 967 2294 ww*
947 2218 1037 2357 οντμ,

50 2306 83 2360 77
92 2293 177 2360 αλλα
188 2315 296 2359 παντα
307 2290 518 2376 απυκρημνα
531 2290 718 2376 φάραγγας,
736 2284 901 2377 βάραθρα
933 2296 968 2357 τ
974 2315 1038 2375 γαρ

93 2417 137 2468 ως
148 2388 283 2477 αληθως
293 2381 413 2477 ἐρεῖ
375 2414 582 2476 ωνοπατηρ
592 2415 623 2456 τι
634 2385 930 2474 πεποίηκενηαίία
956 2385 1039 2466 άλλά

92 2485 321 2575 κατεγνώκαθ’
339 2485 433 2609 ὑμεῖς
450 2490 487 2556 ἐν
503 2489 648 2556 τουτοισὶ
662 2499 732 2565 τοίς
748 2490 967 2570 δικαστηρίοις
977 2481 1040 2551 αὐ-

92 2615 154 2657 του
140 2587 337 2679 θάνατον,
361 2584 407 2667 ως
423 2609 573 2672 πονηρου
561 2584 801 2671 δηλονότικαλ
812 2582 1040 2664 άξίουτεθνά·
1052 2597 1058 2607 “

93 2714 157 2754 ναι.
190 2662 329 2754 ἀλλὰ
290 2713 331 2773 νη
349 2692 398 2763 Δί
396 2710 471 2772 α,ε
454 2690 583 2760 είταῦτ
585 2680 702 2751 ’ἐστὶν
722 2679 814 2767 αυτῷ
834 2685 976 2768 δυσχερῆ
996 2677 1037 2749 τά

93 2784 223 2868 περὶ
189 2810 249 2853 τον
268 2788 461 2870 πατίρα,εί
430 2810 476 2862 ες
496 2783 557 2851 τὸν
573 2783 704 2850 ἑαυτοῦ·
700 2786 785 2867 βων
801 2779 1039 2897 καταφεύξεται

96 2878 140 2957 ὡς
151 2880 307 2964 σώφρονα
319 2884 373 2949 καὶ
384 2884 526 2967 μέτριον.
559 2892 671 2960 ποίονς
683 2875 724 2947 ὃν
734 2902 801 2947 που
788 2871 1016 2965 βεβίωκεν;“
997 2903 1039 2944 ον
1054 2883 1056 2888 ’

94 2977 156 3062 μὲν
176 2974 239 3064 γάρ
255 2974 396 3056 ἅπαντες
410 2977 503 3064 ὑμεῖς
521 2979 694 3061 ἑοράκατε,
717 2973 779 3045 οὐκ
797 2981 865 3043 ἔστι
882 2981 1037 3051 τοιοῦτος.

49 3086 85 3142 78
93 3071 167 3143 ἀλλ’
186 3066 214 3141 6
233 3080 312 3158 τάν,
334 3080 380 3152 είς
396 3073 455 3154 τὰς
473 3081 677 3165 λειτουργίας
695 3071 949 3159 ἀποχωρήσεται.
980 3067 1039 3149 τάς

89 3169 205 3260 πότεῆ
215 3179 282 3240 ποῦ
291 3177 480 3258 γεγονυίας;
497 3171 555 3253 τάς
564 3180 626 3242 τοῦ
636 3171 774 3254 πατρός;
786 3165 859 3237 ἀλλ’
872 3166 935 3237 οὐκ
946 3174 1037 3238 είσίν.

94 3266 245 3349 άλλάτάς
260 3272 398 3351 ἕαυτοῦς
420 3270 552 3357 φάσεις,
570 3268 763 3356 ἀπαγωγάς,
780 3272 944 3354 ἐνδείξεις,
966 3264 1040 3355 οὐχὶ

94 3374 299 3454 λειτουργίας
316 3364 493 3454 εὑρήσετε..
510 3365 594 3437 ἀλλὰ
610 3366 730 3455 νὴΔία
740 3367 901 3453 καὶχωρὶς
909 3363 1039 3454 τούτων

95 3470 264 3554 συγγενεῖς
281 3469 397 3536 πολλοὶ
412 3469 467 3536 καί
483 3467 578 3536 καλοὶ
587 3464 731 3552 κάγαθολ
741 3463 966 3546 παραστάντες
977 3456 1040 3525 αὐ-
