2318 3894
123 223 188 290 478
349 229 402 286 XL.
436 223 850 287 ΔΗΜΟΣΘΕΝΟΤΣ

426 439 430 449 .
474 391 724 454 ΜΑΡΤΥΡΕΣ.

97 505 115 559 8
212 482 283 571 Τήν
299 485 361 571 μὲν
376 491 493 552 τοίνυν
508 487 631 570 μητέρα
647 485 709 571 τήν
723 481 806 570 ἐμήν
817 480 953 564 οὕτωςὸ
965 484 1084 571 πατήρ

122 608 189 669 μου
205 585 313 670 γήμας
329 583 645 670 είχεγυναῖκαέντή
657 588 795 670 οίκίγτή
806 584 936 652 ἑαυτοῦ.
971 585 1036 668 ἐμέ
1044 608 1083 650 τε
1125 607 1129 617 ·

121 684 274 750 ἐπαίδευε
295 687 350 750 καί
371 680 498 767 ήγοίπα,
521 677 632 763 ὥσπερ
654 683 709 748 καὶ
721 678 815 766 ὑμεῖς
830 680 976 760 ἅπαντες
995 679 1104 760 τούς.

121 777 299 864 ὑμετέρους
309 783 426 857 παῖδας
435 776 600 863 αἰγαποῐτεζ
612 784 653 864 τή
664 776 699 845 δὲ
710 778 840 845 τούτων
849 780 946 864 μητρὶ
955 786 1080 863 Πλαγ-
1123 806 1125 810 “

122 876 196 961 γόοι
212 880 408 962 ἐπλησίασεν
425 873 540 943 ὅντινα
557 875 598 962 δή
616 872 688 943 ποτ’
708 868 773 944 οὖν
790 876 929 960 τρόπον·
953 874 999 944 ού
1009 874 1078 962 γὰρ
1128 891 1130 895 ’

77 1008 82 1018 ’
97 971 201 1060 θίμδν
211 981 309 1040 τοῦτο
320 976 429 1058 λέγειν
438 975 513 1041 ἐστί.
546 975 601 1041 καὶ
613 971 720 1053 ούτως
730 971 771 1042 ού
782 971 889 1042 πάντα
896 994 938 1059 γε
947 967 995 1061 ήν
1004 970 1075 1044 Ιὑπὸ

121 1078 179 1156 τής
199 1072 376 1156 ἐπιθυμίας
395 1075 650 1157 κεκρατημένος,
673 1069 752 1140 ὥστ’
775 1069 854 1140 ούδδ
874 1080 933 1158 τής
948 1071 1076 1159 μητρὸς

120 1176 179 1256 τής
195 1173 272 1256 ἐμής
290 1167 529 1255 ἀποθανούσης
544 1169 683 1256 ἠξίωσεν
699 1168 805 1257 αύτήν
821 1177 867 1248 είς
883 1168 945 1256 τήν
962 1176 1075 1262 οἰκίαν

120 1265 200 1353 παρ’
214 1265 334 1336 ἑαυτὸν
346 1271 568 1352 εἰσδέξασθαι,
587 1267 665 1337 οὐδὲ
674 1268 829 1354 τούτους,
843 1264 886 1347 ὦς
896 1272 979 1348 υίεῐς
989 1270 1074 1337 εἰσὶν

121 1363 242 1451 αὑτοῦ,
265 1376 459 1455 πεισθήναι·
481 1365 564 1435 ἀλλὰ
582 1368 643 1436 τὸν
656 1368 717 1454 μὲν
727 1366 831 1436 ἄλλον
839 1366 963 1454 χρόνον
976 1358 1073 1435 οὗτοι

121 1463 288 1550 διήγον’
250 1491 313 1533 ουκ
325 1463 419 1544 ὄντες
428 1463 557 1550 τούμοῦ
567 1465 705 1552 πατρὸς,
719 1463 764 1546 ὡς
773 1468 827 1534 καὶ
838 1463 935 1550 ὑμῶν
946 1469 979 1534 οί
987 1474 1074 1534 πολ-

122 1565 174 1648 λοὶ
191 1573 317 1650 ἴσασιν,
339 1562 448 1651 ἐπειδη
455 1563 504 1632 δ
498 1563 632 1633 ουτοσι
621 1562 798 1651 αυξηθεις
808 1567 862 1632 καὶ
873 1561 952 1649 μεθ
965 1561 1073 1633 αὑτοῦ
1133 1580 1137 1590 “

122 1664 456 1750 παρασκευασάμενος
466 1667 682 1750 ἐργαστήριον
692 1669 922 1748 συκοφαντεῖν,
934 1653 983 1729 οἷν
990 1659 1071 1747 ήγε-

121 1758 194 1846 μων
210 1754 254 1845 ήν
264 1768 459 1848 Μνησικλῆς
473 1763 527 1827 καὶ
537 1768 713 1847 Μενεκλῆς
723 1757 925 1840 έκείνοςὸ
889 1787 950 1847 την
960 1766 1069 1828 Νίνον

121 1857 221 1941 έλων,
242 1855 320 1941 μεθ’
340 1884 387 1925 ων
403 1883 503 1936 ουτος
513 1857 676 1939 ἐδικαζετο
686 1885 795 1950 μου
762 1887 808 1928 τω
797 1863 917 1945 πατρὶ
928 1859 1071 1946 φάσκων

78 1955 193 2036 Ιουίός
210 1955 327 2025 εἶναι’
310 1962 449 2025 εκείνου.
482 1957 637 2024 συνόδων
657 1958 692 2025 δὲ
702 1960 918 2077 γιγνομένων
933 1963 1070 2025 πολλων
1148 2012 1153 2017 .

119 2053 203 2141 ὑπερ
219 2055 364 2139 τούτων,
386 2057 518 2124 καὶτοῦ
534 2053 659 2140 πατρὸς
670 2053 731 2124 ούκ
743 2082 786 2122 αν
797 2054 986 2140 φάσκοντος
996 2078 1068 2122 πει-

40 2213 45 2229 ,
118 2164 243 2242 σθῆναι
264 2151 307 2234 ὡς
330 2145 422 2222 οὗτοι
444 2153 623 2240 γεγόνασιν
644 2156 677 2234 ἐξ
697 2151 818 2238 αὐτοῦ,
839 2159 1026 2221 τελευτωσα
1047 2150 1135 2241 ή1011

118 2253 299 2342 Πλαγγὼν,
323 2247 350 2321 σί
366 2253 485 2340 ίίνδρες
502 2255 667 2337 δικασταὶ,
690 2251 810 2340 (πάντα
827 2249 891 2337 γοὶρ
904 2251 1069 2338 εἰρήσεται
1135 2288 1141 2294 ·

118 2351 246 2440 τᾶληθή
259 2350 342 2439 πρὸς
350 2348 454 2438 δρας)
465 2351 546 2438 μετὰ
557 2353 835 2429 τοῦΜενεκλέους
846 2349 1082 2435 ἐνεδρεύσασα

117 2449 178 2520 τὸν
190 2456 312 2536 πατέρα
323 2477 389 2537 μου
399 2454 454 2525 καὶ
466 2451 691 2538 ἐξαπατήσασα
702 2449 791 2538 ύρκω
803 2446 839 2528 ὃς
849 2452 999 2536 μέγιστος
1009 2456 1069 2519 δο-

118 2563 172 2618 κεῖ
178 2550 232 2617 καὶ
243 2549 428 2628 δεινότατος
439 2550 527 2634 παρὰ
540 2558 641 2618 πᾶσιν
651 2548 843 2635 ἀνθρώποις
853 2549 953 2636 εἶναι,
977 2547 1068 2637 ύμο-

117 2647 238 2733 λύγησε
254 2645 430 2732 τριάκοντα
446 2655 531 2734 μνᾶς
546 2656 696 2736 λαβοῦσα
705 2647 844 2727 τούτους
854 2648 915 2735 μὲν
925 2664 994 2728 τοῖς
1005 2647 1068 2726 οὑξ

118 2753 175 2830 τής
191 2743 345 2830 ἀδελφοῖς
362 2744 563 2832 εἰσποιήσειν
580 2753 676 2832 υίεῑς,
698 2745 781 2833 αὐτή
799 2744 843 2833 δ’,
864 2742 909 2814 σ’ίν
925 2748 1011 2832 πρὸς
1020 2756 1065 2834 τῷ

119 2847 267 2930 διαιτητή
283 2852 486 2929 προκαλήτοα
497 2843 601 2930 αύτήν
612 2843 629 2913 ὁ
642 2845 748 2932 πατήρ
759 2871 826 2930 μου
836 2843 955 2932 ὀμόσαι
966 2839 1066 2934 ήμήν

117 2939 196 3021 τούς
206 2946 324 3022 παῖδας
335 2945 366 3023 ἐξ
377 2939 482 3010 αὑτοῦ
493 2947 681 3028 γεγονέναι
691 2942 735 3015 ού,
745 2948 897 3029 δέξεσθαι
907 2944 970 3032 τήν
980 2944 1066 3030 πρό-

117 3047 250 3126 κλησιν
272 3067 401 3109 τουτων
412 3067 476 3126 γαρ
487 3043 677 3128 γενομενων
687 3068 764 3112 ουτε
773 3070 913 3124 τουτους
923 3042 1065 3113 αποστε

99 3182 105 3190 ·
117 3138 280 3223 ρήσεσθαι
290 3147 348 3256 τής
359 3139 499 3223 πόλεως,
511 3147 557 3230 τῷ
568 3166 604 3209 τε
614 3148 716 3226 πατρί
723 3168 789 3228 μου
800 3141 910 3211 ούκέτι
921 3143 1066 3231 δυνήσε-
1118 3194 1122 3199 -

117 3244 199 3302 σθαι
215 3232 338 3313 αὐτούς
355 3236 528 3356 πράγματα
539 3241 691 3326 παρεχειν
700 3268 757 3326 της
767 3240 890 3328 μητρὸς
900 3240 1012 3310 αύτων
1022 3240 1065 3311 ού

75 3345 106 3397 11
116 3334 294 3452 δεξαμένης
310 3331 370 3401 τὸν
386 3333 498 3419 ὅρκον
531 3343 815 3460 συγχωρηθέντων
831 3340 866 3406 δὲ
882 3339 1013 3408 τούτων
1034 3348 1069 3409 τί

116 3457 161 3498 αν
181 3429 262 3516 ύμῖν
280 3434 583 3521 μακρολογοίην,
562 3463 606 3516 ως
625 3464 689 3524 γαρ
714 3436 796 3522 πρὸς
816 3436 876 3507 τδν
894 3438 1064 3528 διαιτητήν
