<?xml version="1.0" encoding="UTF-8"?>
<!DOCTYPE html PUBLIC "-//W3C//DTD XHTML 1.0 Transitional//EN"
    "http://www.w3.org/TR/xhtml1/DTD/xhtml1-transitional.dtd">
<html xmlns="http://www.w3.org/1999/xhtml" xml:lang="en" lang="en">
 <head>
  <title>
</title>
<meta http-equiv="Content-Type" content="text/html;charset=utf-8" />
  <meta name='ocr-system' content='tesseract 3.04.00' />
  <meta name='ocr-capabilities' content='ocr_page ocr_carea ocr_par ocr_line ocrx_word'/>
</head>
<body>
  <div class='ocr_page' id='page_1' title='image "./orationesexrece00demogoog_0501.png"; bbox 0 0 2318 3894; ppageno 0'>
   <div class='ocr_carea' id='block_1_1' title="bbox 66 198 1012 314">
    <p class='ocr_par' dir='ltr' id='par_1_1' title="bbox 66 198 1012 314">
     <span class='ocr_line' id='line_1_1' title="bbox 66 198 1012 314; baseline -0.001 0"><span class='ocrx_word' id='word_1_1' title='bbox 66 231 191 314; x_wconf 75' lang='grc' dir='ltr'><em>ΠΡΟΣ</em></span> <span class='ocrx_word' id='word_1_2' title='bbox 206 240 419 313; x_wconf 78' lang='grc' dir='ltr'><em>ιιοιιινοα</em></span> <span class='ocrx_word' id='word_1_3' title='bbox 427 246 539 311; x_wconf 76' lang='grc' dir='ltr'><em>ιιιινι</em></span> <span class='ocrx_word' id='word_1_4' title='bbox 558 245 648 308; x_wconf 82' lang='grc' dir='ltr'><em>νον</em></span> <span class='ocrx_word' id='word_1_5' title='bbox 662 198 928 312; x_wconf 67' lang='grc' dir='ltr'><em>ονοαικοε.</em></span> <span class='ocrx_word' id='word_1_6' title='bbox 949 245 1012 314; x_wconf 80' lang='grc' dir='ltr'><em>ιοι</em></span> 
     </span>
    </p>
   </div>
   <div class='ocr_carea' id='block_1_2' title="bbox 20 400 1128 3482">
    <p class='ocr_par' dir='ltr' id='par_1_2' title="bbox 44 400 1013 596">
     <span class='ocr_line' id='line_1_2' title="bbox 67 400 1012 495; baseline -0.001 -18"><span class='ocrx_word' id='word_1_7' title='bbox 67 410 105 477; x_wconf 89' lang='grc' dir='ltr'><em>τό</em></span> <span class='ocrx_word' id='word_1_8' title='bbox 116 409 340 495; x_wconf 77' lang='grc' dir='ltr'><em>παράγραμμα</em></span> <span class='ocrx_word' id='word_1_9' title='bbox 357 400 380 494; x_wconf 75' lang='grc' dir='ltr'><strong><em>ἦ</em></strong></span> <span class='ocrx_word' id='word_1_10' title='bbox 395 403 476 474; x_wconf 89' lang='grc' dir='ltr'><em>ἀλλο</em></span> <span class='ocrx_word' id='word_1_11' title='bbox 487 431 519 472; x_wconf 89' lang='grc' dir='ltr'><em>τι</em></span> <span class='ocrx_word' id='word_1_12' title='bbox 532 402 649 492; x_wconf 77' lang='grc' dir='ltr'><em>πληνό</em></span> <span class='ocrx_word' id='word_1_13' title='bbox 664 402 771 491; x_wconf 72' lang='grc' dir='ltr'><em>πατὴρ</em></span> <span class='ocrx_word' id='word_1_14' title='bbox 789 406 844 473; x_wconf 80' lang='grc' dir='ltr'><em>καὶ</em></span> <span class='ocrx_word' id='word_1_15' title='bbox 859 402 877 475; x_wconf 94' lang='lat'><em>6</em></span> <span class='ocrx_word' id='word_1_16' title='bbox 894 411 1012 493; x_wconf 70' lang='grc' dir='ltr'><em>όῆμοςς</em></span> 
     </span>
     <span class='ocr_line' id='line_1_3' title="bbox 44 500 1013 596; baseline -0.003 -20"><span class='ocrx_word' id='word_1_17' title='bbox 44 579 48 588; x_wconf 73' lang='grc'><em>,</em></span> <span class='ocrx_word' id='word_1_18' title='bbox 70 501 118 576; x_wconf 87' lang='grc' dir='ltr'><em>ῶν</em></span> <span class='ocrx_word' id='word_1_19' title='bbox 130 507 237 596; x_wconf 82' lang='grc' dir='ltr'><em>ὄντων</em></span> <span class='ocrx_word' id='word_1_20' title='bbox 255 504 382 592; x_wconf 95' lang='grc' dir='ltr'><em>ἀμφοῖν</em></span> <span class='ocrx_word' id='word_1_21' title='bbox 398 511 467 571; x_wconf 89' lang='grc' dir='ltr'><em>τῶν</em></span> <span class='ocrx_word' id='word_1_22' title='bbox 484 500 596 571; x_wconf 82' lang='grc' dir='ltr'><em>αὐτῶν</em></span> <span class='ocrx_word' id='word_1_23' title='bbox 612 502 717 590; x_wconf 76' lang='grc' dir='ltr'><em>πολλὴ</em></span> <span class='ocrx_word' id='word_1_24' title='bbox 729 501 852 589; x_wconf 74' lang='grc' dir='ltr'><em>ταραχὴ</em></span> <span class='ocrx_word' id='word_1_25' title='bbox 871 512 1013 592; x_wconf 82' lang='grc' dir='ltr'><em>συμβαί-</em></span> 
     </span>
    </p>

    <p class='ocr_par' dir='ltr' id='par_1_3' title="bbox 27 599 1086 1378">
     <span class='ocr_line' id='line_1_4' title="bbox 27 599 1013 692; baseline -0.008 -16"><span class='ocrx_word' id='word_1_26' title='bbox 27 625 62 676; x_wconf 87' lang='grc'><em>10</em></span> <span class='ocrx_word' id='word_1_27' title='bbox 69 631 127 685; x_wconf 93' lang='grc' dir='ltr'><em>νει.</em></span> <span class='ocrx_word' id='word_1_28' title='bbox 161 609 257 692; x_wconf 81' lang='grc' dir='ltr'><em>φέρε,</em></span> <span class='ocrx_word' id='word_1_29' title='bbox 283 610 313 671; x_wconf 86' lang='grc' dir='ltr'><em>εί</em></span> <span class='ocrx_word' id='word_1_30' title='bbox 327 604 363 672; x_wconf 74' lang='grc' dir='ltr'><em>δὲ</em></span> <span class='ocrx_word' id='word_1_31' title='bbox 380 599 493 688; x_wconf 78' lang='grc' dir='ltr'><em>κριτὴς</em></span> <span class='ocrx_word' id='word_1_32' title='bbox 507 609 638 669; x_wconf 77' lang='grc' dir='ltr'><em>καλοῖτο</em></span> <span class='ocrx_word' id='word_1_33' title='bbox 653 607 847 679; x_wconf 78' lang='grc' dir='ltr'><em>Μαντίθεος</em></span> <span class='ocrx_word' id='word_1_34' title='bbox 857 609 1013 670; x_wconf 83' lang='grc' dir='ltr'><em>Μαντίου</em></span> 
     </span>
     <span class='ocr_line' id='line_1_5' title="bbox 68 695 1013 789; baseline -0.004 -19"><span class='ocrx_word' id='word_1_35' title='bbox 68 710 231 786; x_wconf 79' lang='grc' dir='ltr'><em>Θορίκιος,</em></span> <span class='ocrx_word' id='word_1_36' title='bbox 242 709 277 769; x_wconf 92' lang='grc' dir='ltr'><em>τί</em></span> <span class='ocrx_word' id='word_1_37' title='bbox 285 697 327 768; x_wconf 87' lang='grc' dir='ltr'><em>ἀν</em></span> <span class='ocrx_word' id='word_1_38' title='bbox 344 714 510 786; x_wconf 75' lang='grc' dir='ltr'><em>ποιοῖμενς</em></span> <span class='ocrx_word' id='word_1_39' title='bbox 532 695 555 786; x_wconf 76' lang='grc' dir='ltr'><strong><em>ἦ</em></strong></span> <span class='ocrx_word' id='word_1_40' title='bbox 571 703 759 787; x_wconf 79' lang='grc' dir='ltr'><em>βαδίζοιμεν</em></span> <span class='ocrx_word' id='word_1_41' title='bbox 770 695 813 767; x_wconf 87' lang='grc' dir='ltr'><em>ἀν</em></span> <span class='ocrx_word' id='word_1_42' title='bbox 828 699 944 785; x_wconf 82' lang='grc' dir='ltr'><em>ἀμφῶ;</em></span> <span class='ocrx_word' id='word_1_43' title='bbox 966 708 1013 789; x_wconf 79' lang='grc' dir='ltr'><em>τῶ</em></span> 
     </span>
     <span class='ocr_line' id='line_1_6' title="bbox 67 795 1012 887; baseline -0.001 -19"><span class='ocrx_word' id='word_1_44' title='bbox 67 800 132 886; x_wconf 85' lang='grc' dir='ltr'><em>γάρ</em></span> <span class='ocrx_word' id='word_1_45' title='bbox 155 806 245 869; x_wconf 80' lang='grc' dir='ltr'><em>ἔσται</em></span> <span class='ocrx_word' id='word_1_46' title='bbox 267 805 370 886; x_wconf 77' lang='grc' dir='ltr'><em>δῆλον</em></span> <span class='ocrx_word' id='word_1_47' title='bbox 390 798 533 886; x_wconf 88' lang='grc' dir='ltr'><em>πότερον</em></span> <span class='ocrx_word' id='word_1_48' title='bbox 555 800 592 868; x_wconf 69' lang='grc' dir='ltr'><em>σε</em></span> <span class='ocrx_word' id='word_1_49' title='bbox 612 795 807 887; x_wconf 74' lang='grc' dir='ltr'><em>κέκληκενῆ</em></span> <span class='ocrx_word' id='word_1_50' title='bbox 829 803 898 886; x_wconf 70' lang='grc' dir='ltr'><em>ἐμέ,</em></span> <span class='ocrx_word' id='word_1_51' title='bbox 929 800 1012 883; x_wconf 85' lang='grc' dir='ltr'><em>πρός</em></span> 
     </span>
     <span class='ocr_line' id='line_1_7' title="bbox 67 895 1017 999; baseline 0.001 -33"><span class='ocrx_word' id='word_1_52' title='bbox 67 897 159 982; x_wconf 88' lang='grc' dir='ltr'><em>Διός,</em></span> <span class='ocrx_word' id='word_1_53' title='bbox 172 895 291 965; x_wconf 83' lang='grc' dir='ltr'><em>άνό”</em></span> <span class='ocrx_word' id='word_1_54' title='bbox 270 893 574 983; x_wconf 76' lang='grc' dir='ltr'><em>αρχὴνὴντινοῶνὴ</em></span> <span class='ocrx_word' id='word_1_55' title='bbox 594 898 688 976; x_wconf 86' lang='grc' dir='ltr'><em>πολις</em></span> <span class='ocrx_word' id='word_1_56' title='bbox 699 896 879 999; x_wconf 90' lang='grc' dir='ltr'><em>κληροῖ,</em></span> <span class='ocrx_word' id='word_1_57' title='bbox 846 926 918 968; x_wconf 93' lang='grc' dir='ltr'><em>οιον</em></span> <span class='ocrx_word' id='word_1_58' title='bbox 929 898 1017 987; x_wconf 91' lang='grc' dir='ltr'><em>βου-Ι</em></span> 
     </span>
     <span class='ocr_line' id='line_1_8' title="bbox 67 991 1012 1084; baseline 0 -18"><span class='ocrx_word' id='word_1_59' title='bbox 67 1005 127 1084; x_wconf 91' lang='grc' dir='ltr'><em>λης</em></span> <span class='ocrx_word' id='word_1_60' title='bbox 144 1024 164 1083; x_wconf 95' lang='grc' dir='ltr'><em>η</em></span> <span class='ocrx_word' id='word_1_61' title='bbox 188 993 439 1082; x_wconf 75' lang='grc' dir='ltr'><em>θεσμοθέτου</em></span> <span class='ocrx_word' id='word_1_62' title='bbox 417 991 437 1081; x_wconf 82' lang='grc' dir='ltr'><em>ίγ</em></span> <span class='ocrx_word' id='word_1_63' title='bbox 459 1002 527 1063; x_wconf 90' lang='grc' dir='ltr'><em>τῶν</em></span> <span class='ocrx_word' id='word_1_64' title='bbox 543 994 671 1080; x_wconf 85' lang='grc' dir='ltr'><em>ἀλλων,</em></span> <span class='ocrx_word' id='word_1_65' title='bbox 694 1022 739 1084; x_wconf 84' lang='grc' dir='ltr'><em>ιφ</em></span> <span class='ocrx_word' id='word_1_66' title='bbox 727 1001 854 1083; x_wconf 76' lang='grc' dir='ltr'><em>δῆλος</em></span> <span class='ocrx_word' id='word_1_67' title='bbox 872 995 1012 1083; x_wconf 80' lang='grc' dir='ltr'><em>ὁλαχῶν</em></span> 
     </span>
     <span class='ocr_line' id='line_1_9' title="bbox 65 1091 1012 1215; baseline 0.002 -53"><span class='ocrx_word' id='word_1_68' title='bbox 65 1122 163 1183; x_wconf 82' lang='grc' dir='ltr'><em>ημῶν</em></span> <span class='ocrx_word' id='word_1_69' title='bbox 174 1099 277 1175; x_wconf 81' lang='grc' dir='ltr'><em>ἔσται,</em></span> <span class='ocrx_word' id='word_1_70' title='bbox 312 1091 399 1179; x_wconf 80' lang='grc' dir='ltr'><em>πλην</em></span> <span class='ocrx_word' id='word_1_71' title='bbox 416 1099 447 1161; x_wconf 90' lang='grc' dir='ltr'><em>εί</em></span> <span class='ocrx_word' id='word_1_72' title='bbox 463 1106 614 1180; x_wconf 90' lang='grc' dir='ltr'><em>σημεῖον,</em></span> <span class='ocrx_word' id='word_1_73' title='bbox 638 1093 748 1215; x_wconf 68' lang='grc' dir='ltr'><em>ῶσπερ</em></span> <span class='ocrx_word' id='word_1_74' title='bbox 767 1093 855 1162; x_wconf 84' lang='grc' dir='ltr'><em>αλλοτ</em></span> <span class='ocrx_word' id='word_1_75' title='bbox 866 1100 945 1182; x_wconf 90' lang='grc' dir='ltr'><em>τινι,</em></span> <span class='ocrx_word' id='word_1_76' title='bbox 964 1105 1012 1183; x_wconf 81' lang='grc' dir='ltr'><em>τῶ</em></span> 
     </span>
     <span class='ocr_line' id='line_1_10' title="bbox 66 1189 1086 1283; baseline 0.002 -23"><span class='ocrx_word' id='word_1_77' title='bbox 66 1200 188 1283; x_wconf 79' lang='grc' dir='ltr'><em>χαλκίῳ</em></span> <span class='ocrx_word' id='word_1_78' title='bbox 206 1196 398 1278; x_wconf 73' lang='grc' dir='ltr'><em>προσέσται·</em></span> <span class='ocrx_word' id='word_1_79' title='bbox 426 1196 481 1260; x_wconf 78' lang='grc' dir='ltr'><em>καὶ</em></span> <span class='ocrx_word' id='word_1_80' title='bbox 496 1190 575 1260; x_wconf 75' lang='lat'><em>0666</em></span> <span class='ocrx_word' id='word_1_81' title='bbox 591 1189 712 1261; x_wconf 68' lang='grc' dir='ltr'><em>τοῦθ’</em></span> <span class='ocrx_word' id='word_1_82' title='bbox 696 1195 858 1277; x_wconf 84' lang='grc' dir='ltr'><em>οποτέρου</em></span> <span class='ocrx_word' id='word_1_83' title='bbox 875 1196 963 1261; x_wconf 78' lang='grc' dir='ltr'><em>ἐστὶν</em></span> <span class='ocrx_word' id='word_1_84' title='bbox 980 1198 1013 1262; x_wconf 88' lang='grc' dir='ltr'><em>οί</em></span> <span class='ocrx_word' id='word_1_85' title='bbox 1084 1203 1086 1207; x_wconf 77' lang='grc'>’</span> 
     </span>
     <span class='ocr_line' id='line_1_11' title="bbox 67 1289 1011 1378; baseline 0.001 -19"><span class='ocrx_word' id='word_1_86' title='bbox 67 1298 182 1361; x_wconf 80' lang='grc' dir='ltr'><em>πολλοὶ</em></span> <span class='ocrx_word' id='word_1_87' title='bbox 192 1293 386 1378; x_wconf 78' lang='grc' dir='ltr'><em>γνώσονται.</em></span> <span class='ocrx_word' id='word_1_88' title='bbox 408 1290 536 1370; x_wconf 78' lang='grc' dir='ltr'><em>οόκοῶν</em></span> <span class='ocrx_word' id='word_1_89' title='bbox 547 1289 565 1359; x_wconf 92' lang='lat'><em>6</em></span> <span class='ocrx_word' id='word_1_90' title='bbox 576 1291 637 1378; x_wconf 69' lang='grc' dir='ltr'><em>μὲν</em></span> <span class='ocrx_word' id='word_1_91' title='bbox 648 1289 777 1376; x_wconf 78' lang='grc' dir='ltr'><em>ἑαυτόν,</em></span> <span class='ocrx_word' id='word_1_92' title='bbox 790 1293 852 1376; x_wconf 77' lang='grc' dir='ltr'><em>ἐγῶ</em></span> <span class='ocrx_word' id='word_1_93' title='bbox 864 1290 896 1360; x_wconf 86' lang='lat'><em>6&#39;</em></span> <span class='ocrx_word' id='word_1_94' title='bbox 909 1296 1011 1378; x_wconf 69' lang='grc' dir='ltr'><em>ε’μανν</em></span> 
     </span>
    </p>

    <p class='ocr_par' dir='ltr' id='par_1_4' title="bbox 23 1380 1101 2173">
     <span class='ocr_line' id='line_1_12' title="bbox 23 1380 1010 1479; baseline -0.001 -19"><span class='ocrx_word' id='word_1_95' title='bbox 23 1408 56 1460; x_wconf 86' lang='grc'><em>11</em></span> <span class='ocrx_word' id='word_1_96' title='bbox 66 1388 127 1458; x_wconf 84' lang='grc' dir='ltr'><em>τόν</em></span> <span class='ocrx_word' id='word_1_97' title='bbox 145 1387 317 1477; x_wconf 79' lang='grc' dir='ltr'><em>φησειτόν</em></span> <span class='ocrx_word' id='word_1_98' title='bbox 333 1386 466 1476; x_wconf 80' lang='grc' dir='ltr'><em>εἰληχότ’</em></span> <span class='ocrx_word' id='word_1_99' title='bbox 478 1388 571 1458; x_wconf 77' lang='grc' dir='ltr'><em>εἶναι.</em></span> <span class='ocrx_word' id='word_1_100' title='bbox 604 1388 721 1458; x_wconf 82' lang='grc' dir='ltr'><em>λοιπόν</em></span> <span class='ocrx_word' id='word_1_101' title='bbox 739 1397 784 1470; x_wconf 85' lang='grc' dir='ltr'><em>είς</em></span> <span class='ocrx_word' id='word_1_102' title='bbox 799 1380 1010 1479; x_wconf 73' lang='grc' dir='ltr'><em>τόθικαστή-</em></span> 
     </span>
     <span class='ocr_line' id='line_1_13' title="bbox 67 1485 1010 1579; baseline 0.002 -24"><span class='ocrx_word' id='word_1_103' title='bbox 67 1513 139 1571; x_wconf 93' lang='grc' dir='ltr'><em>ριον</em></span> <span class='ocrx_word' id='word_1_104' title='bbox 150 1486 391 1575; x_wconf 78' lang='grc' dir='ltr'><em>ἡμῶςείσιέναι.</em></span> <span class='ocrx_word' id='word_1_105' title='bbox 419 1486 545 1556; x_wconf 81' lang='grc' dir='ltr'><em>οὐκοῦν</em></span> <span class='ocrx_word' id='word_1_106' title='bbox 562 1485 609 1575; x_wconf 82' lang='grc' dir='ltr'><em>ἐφ’</em></span> <span class='ocrx_word' id='word_1_107' title='bbox 621 1488 745 1579; x_wconf 81' lang='grc' dir='ltr'><em>ἑκάστῳ</em></span> <span class='ocrx_word' id='word_1_108' title='bbox 766 1489 895 1558; x_wconf 83' lang='grc' dir='ltr'><em>τούτων</em></span> <span class='ocrx_word' id='word_1_109' title='bbox 913 1495 1010 1559; x_wconf 78' lang='grc' dir='ltr'><em>ῶικα-</em></span> 
     </span>
     <span class='ocr_line' id='line_1_14' title="bbox 66 1585 1010 1675; baseline 0 -19"><span class='ocrx_word' id='word_1_110' title='bbox 66 1588 202 1674; x_wconf 77' lang='grc' dir='ltr'><em>σπη’ριον</em></span> <span class='ocrx_word' id='word_1_111' title='bbox 217 1585 297 1673; x_wconf 81' lang='grc' dir='ltr'><em>ἡμῖν</em></span> <span class='ocrx_word' id='word_1_112' title='bbox 312 1585 333 1673; x_wconf 77' lang='grc' dir='ltr'><em>ἡ</em></span> <span class='ocrx_word' id='word_1_113' title='bbox 352 1587 447 1666; x_wconf 82' lang='grc' dir='ltr'><em>πόλις</em></span> <span class='ocrx_word' id='word_1_114' title='bbox 466 1597 593 1671; x_wconf 89' lang='grc' dir='ltr'><em>καθιεῖ,</em></span> <span class='ocrx_word' id='word_1_115' title='bbox 601 1587 660 1656; x_wconf 79' lang='grc' dir='ltr'><em>καί</em></span> <span class='ocrx_word' id='word_1_116' title='bbox 670 1597 732 1656; x_wconf 85' lang='grc' dir='ltr'><em>τοῦ</em></span> <span class='ocrx_word' id='word_1_117' title='bbox 748 1591 809 1675; x_wconf 77' lang='grc' dir='ltr'><em>μὲν</em></span> <span class='ocrx_word' id='word_1_118' title='bbox 824 1596 942 1658; x_wconf 85' lang='grc' dir='ltr'><em>κοινοῶ</em></span> <span class='ocrx_word' id='word_1_119' title='bbox 955 1591 1010 1657; x_wconf 82' lang='grc' dir='ltr'><em>καὶ</em></span> 
     </span>
     <span class='ocr_line' id='line_1_15' title="bbox 66 1677 1008 1774; baseline 0.002 -20"><span class='ocrx_word' id='word_1_120' title='bbox 66 1695 151 1771; x_wconf 79' lang='grc' dir='ltr'><em>ῖσου,</em></span> <span class='ocrx_word' id='word_1_121' title='bbox 163 1694 224 1753; x_wconf 80' lang='grc' dir='ltr'><em>τοῦ</em></span> <span class='ocrx_word' id='word_1_122' title='bbox 234 1684 294 1754; x_wconf 90' lang='grc' dir='ltr'><em>τόν</em></span> <span class='ocrx_word' id='word_1_123' title='bbox 303 1683 429 1771; x_wconf 87' lang='grc' dir='ltr'><em>λαχόντ’</em></span> <span class='ocrx_word' id='word_1_124' title='bbox 442 1685 566 1771; x_wconf 87' lang='grc' dir='ltr'><em>άρχειν,</em></span> <span class='ocrx_word' id='word_1_125' title='bbox 577 1677 890 1774; x_wconf 87' lang='grc' dir='ltr'><em>ἀποστερησόμεθα,</em></span> <span class='ocrx_word' id='word_1_126' title='bbox 908 1686 1008 1774; x_wconf 81' lang='grc' dir='ltr'><em>ἀλλη-</em></span> 
     </span>
     <span class='ocr_line' id='line_1_16' title="bbox 64 1783 1009 1876; baseline 0.002 -24"><span class='ocrx_word' id='word_1_127' title='bbox 64 1791 144 1861; x_wconf 92' lang='grc' dir='ltr'><em>λους</em></span> <span class='ocrx_word' id='word_1_128' title='bbox 154 1784 189 1865; x_wconf 68' lang='grc' dir='ltr'><em>δὲ</em></span> <span class='ocrx_word' id='word_1_129' title='bbox 201 1792 403 1871; x_wconf 79' lang='grc' dir='ltr'><em>πλυνοῦμεν,</em></span> <span class='ocrx_word' id='word_1_130' title='bbox 410 1786 465 1853; x_wconf 78' lang='grc' dir='ltr'><em>καὶ</em></span> <span class='ocrx_word' id='word_1_131' title='bbox 476 1783 493 1853; x_wconf 92' lang='lat'><em>6</em></span> <span class='ocrx_word' id='word_1_132' title='bbox 504 1792 549 1875; x_wconf 79' lang='grc' dir='ltr'><em>τῷ</em></span> <span class='ocrx_word' id='word_1_133' title='bbox 560 1785 647 1876; x_wconf 79' lang='grc' dir='ltr'><em>λόγῳ</em></span> <span class='ocrx_word' id='word_1_134' title='bbox 659 1787 932 1875; x_wconf 79' lang='grc' dir='ltr'><em>κρατήσαςάρξει.</em></span> <span class='ocrx_word' id='word_1_135' title='bbox 955 1790 1009 1855; x_wconf 85' lang='grc' dir='ltr'><em>καλ</em></span> 
     </span>
     <span class='ocr_line' id='line_1_17' title="bbox 64 1877 1009 1969; baseline 0.005 -21"><span class='ocrx_word' id='word_1_136' title='bbox 64 1879 168 1969; x_wconf 86' lang='grc' dir='ltr'><em>πότερ’</em></span> <span class='ocrx_word' id='word_1_137' title='bbox 181 1877 224 1948; x_wconf 88' lang='grc' dir='ltr'><em>ἀν</em></span> <span class='ocrx_word' id='word_1_138' title='bbox 232 1887 380 1967; x_wconf 83' lang='grc' dir='ltr'><em>βελτίους</em></span> <span class='ocrx_word' id='word_1_139' title='bbox 391 1891 503 1968; x_wconf 85' lang='grc' dir='ltr'><em>εῖημεν</em></span> <span class='ocrx_word' id='word_1_140' title='bbox 512 1891 580 1950; x_wconf 91' lang='grc' dir='ltr'><em>τῶν</em></span> <span class='ocrx_word' id='word_1_141' title='bbox 591 1882 813 1969; x_wconf 77' lang='grc' dir='ltr'><em>ὑπαρχουσῶν</em></span> <span class='ocrx_word' id='word_1_142' title='bbox 824 1891 1009 1956; x_wconf 74' lang='grc' dir='ltr'><em>δυσκολιῶν</em></span> 
     </span>
     <span class='ocr_line' id='line_1_18' title="bbox 49 1975 1101 2068; baseline 0.004 -22"><span class='ocrx_word' id='word_1_143' title='bbox 49 2030 51 2034; x_wconf 29' lang='lat'><em>⁴</em></span> <span class='ocrx_word' id='word_1_144' title='bbox 65 1979 346 2064; x_wconf 80' lang='grc' dir='ltr'><em>ἀπαλλαττόμενοι</em></span> <span class='ocrx_word' id='word_1_145' title='bbox 357 1975 380 2064; x_wconf 76' lang='grc' dir='ltr'><em>ἢ</em></span> <span class='ocrx_word' id='word_1_146' title='bbox 390 1978 509 2058; x_wconf 82' lang='grc' dir='ltr'><em>καινάς</em></span> <span class='ocrx_word' id='word_1_147' title='bbox 517 1987 638 2065; x_wconf 82' lang='grc' dir='ltr'><em>ἔχθρας</em></span> <span class='ocrx_word' id='word_1_148' title='bbox 648 1985 702 2048; x_wconf 82' lang='grc' dir='ltr'><em>καλ</em></span> <span class='ocrx_word' id='word_1_149' title='bbox 715 1989 925 2068; x_wconf 79' lang='grc' dir='ltr'><em>βλασφημίας</em></span> <span class='ocrx_word' id='word_1_150' title='bbox 935 2009 1010 2050; x_wconf 88' lang='grc' dir='ltr'><em>ποι·</em></span> <span class='ocrx_word' id='word_1_151' title='bbox 1097 1997 1101 2002; x_wconf 90' lang='grc'><em>’</em></span> 
     </span>
     <span class='ocr_line' id='line_1_19' title="bbox 64 2075 1059 2173; baseline 0 -27"><span class='ocrx_word' id='word_1_152' title='bbox 64 2079 218 2165; x_wconf 83' lang='grc' dir='ltr'><em>οόμενοι;</em></span> <span class='ocrx_word' id='word_1_153' title='bbox 241 2075 280 2156; x_wconf 84' lang='grc' dir='ltr'><em>άς</em></span> <span class='ocrx_word' id='word_1_154' title='bbox 295 2084 384 2144; x_wconf 87' lang='grc' dir='ltr'><em>πάσα</em></span> <span class='ocrx_word' id='word_1_155' title='bbox 398 2075 525 2163; x_wconf 78' lang='grc' dir='ltr'><em>ἀνάγκη</em></span> <span class='ocrx_word' id='word_1_156' title='bbox 542 2085 736 2164; x_wconf 89' lang='grc' dir='ltr'><em>συμβαίνειν</em></span> <span class='ocrx_word' id='word_1_157' title='bbox 743 2130 753 2163; x_wconf 88' lang='grc'><em>,</em></span> <span class='ocrx_word' id='word_1_158' title='bbox 772 2079 1009 2166; x_wconf 80' lang='grc' dir='ltr'><em>ὅτανάρχῆςῆ</em></span> <span class='ocrx_word' id='word_1_159' title='bbox 1055 2163 1059 2173; x_wconf 29' lang='grc' dir='ltr'>Ι</span> 
     </span>
    </p>

    <p class='ocr_par' dir='ltr' id='par_1_5' title="bbox 22 2173 1128 3060">
     <span class='ocr_line' id='line_1_20' title="bbox 22 2173 1006 2264; baseline -0.002 -17"><span class='ocrx_word' id='word_1_160' title='bbox 22 2195 56 2248; x_wconf 69' lang='lat'><em>12</em></span> <span class='ocrx_word' id='word_1_161' title='bbox 64 2202 154 2256; x_wconf 89' lang='grc' dir='ltr'><em>τινος</em></span> <span class='ocrx_word' id='word_1_162' title='bbox 172 2174 376 2264; x_wconf 42' lang='grc' dir='ltr'><em>ἀλλον-πρός</em></span> <span class='ocrx_word' id='word_1_163' title='bbox 391 2173 477 2263; x_wconf 76' lang='grc' dir='ltr'><em>ἡμᾶς</em></span> <span class='ocrx_word' id='word_1_164' title='bbox 492 2174 613 2254; x_wconf 77' lang='grc' dir='ltr'><em>αὐτοὺς</em></span> <span class='ocrx_word' id='word_1_165' title='bbox 629 2173 896 2264; x_wconf 76' lang='grc' dir='ltr'><em>ἀμφισβητῶμεν.</em></span> <span class='ocrx_word' id='word_1_166' title='bbox 919 2186 952 2245; x_wconf 91' lang='grc' dir='ltr'><em>τί</em></span> <span class='ocrx_word' id='word_1_167' title='bbox 962 2177 1006 2262; x_wconf 74' lang='grc' dir='ltr'><em>δὲ,</em></span> 
     </span>
     <span class='ocr_line' id='line_1_21' title="bbox 48 2272 1068 2364; baseline -0.004 -18"><span class='ocrx_word' id='word_1_168' title='bbox 48 2273 108 2346; x_wconf 78' lang='grc' dir='ltr'><em>ἀν</em></span> <span class='ocrx_word' id='word_1_169' title='bbox 126 2275 191 2362; x_wconf 87' lang='grc' dir='ltr'><em>ἀρα</em></span> <span class='ocrx_word' id='word_1_170' title='bbox 208 2281 274 2364; x_wconf 80' lang='grc' dir='ltr'><em>(δεῖ</em></span> <span class='ocrx_word' id='word_1_171' title='bbox 287 2274 350 2361; x_wconf 86' lang='grc' dir='ltr'><em>γάρ</em></span> <span class='ocrx_word' id='word_1_172' title='bbox 367 2272 489 2342; x_wconf 79' lang='grc' dir='ltr'><em>ἅπανθ’</em></span> <span class='ocrx_word' id='word_1_173' title='bbox 501 2273 586 2361; x_wconf 85' lang='grc' dir='ltr'><em>ἡμάς</em></span> <span class='ocrx_word' id='word_1_174' title='bbox 604 2274 764 2361; x_wconf 80' lang='grc' dir='ltr'><em>ἐξετάσαι)</em></span> <span class='ocrx_word' id='word_1_175' title='bbox 782 2273 897 2362; x_wconf 82' lang='grc' dir='ltr'><em>ἅτερος</em></span> <span class='ocrx_word' id='word_1_176' title='bbox 912 2273 1068 2362; x_wconf 71' lang='grc' dir='ltr'><em>ἡμῶνςρς</em></span> 
     </span>
     <span class='ocr_line' id='line_1_22' title="bbox 64 2370 1007 2463; baseline -0.003 -19"><span class='ocrx_word' id='word_1_177' title='bbox 64 2383 178 2454; x_wconf 89' lang='grc' dir='ltr'><em>πείσας</em></span> <span class='ocrx_word' id='word_1_178' title='bbox 192 2373 252 2443; x_wconf 91' lang='grc' dir='ltr'><em>τόν</em></span> <span class='ocrx_word' id='word_1_179' title='bbox 269 2376 398 2461; x_wconf 81' lang='grc' dir='ltr'><em>ἕτερον,</em></span> <span class='ocrx_word' id='word_1_180' title='bbox 421 2373 479 2441; x_wconf 78' lang='grc' dir='ltr'><em>ἐάν</em></span> <span class='ocrx_word' id='word_1_181' title='bbox 490 2375 591 2463; x_wconf 84' lang='grc' dir='ltr'><em>λάχη,</em></span> <span class='ocrx_word' id='word_1_182' title='bbox 614 2370 822 2459; x_wconf 78' lang='grc' dir='ltr'><em>παραθοῦναι</em></span> <span class='ocrx_word' id='word_1_183' title='bbox 839 2370 1007 2463; x_wconf 72' lang='grc' dir='ltr'><em>αὐτῷτὴν</em></span> 
     </span>
     <span class='ocr_line' id='line_1_23' title="bbox 64 2471 1007 2560; baseline -0.003 -17"><span class='ocrx_word' id='word_1_184' title='bbox 64 2472 169 2560; x_wconf 79' lang='grc' dir='ltr'><em>ἀρχὴν</em></span> <span class='ocrx_word' id='word_1_185' title='bbox 185 2471 275 2541; x_wconf 77' lang='grc' dir='ltr'><em>οὕτω</em></span> <span class='ocrx_word' id='word_1_186' title='bbox 291 2482 470 2559; x_wconf 88' lang='grc' dir='ltr'><em>κληρῶται;</em></span> <span class='ocrx_word' id='word_1_187' title='bbox 500 2471 537 2540; x_wconf 86' lang='grc' dir='ltr'><em>τό</em></span> <span class='ocrx_word' id='word_1_188' title='bbox 556 2476 651 2540; x_wconf 78' lang='grc' dir='ltr'><em>δυοῖν</em></span> <span class='ocrx_word' id='word_1_189' title='bbox 675 2480 842 2541; x_wconf 90' lang='grc' dir='ltr'><em>πινακίοιν</em></span> <span class='ocrx_word' id='word_1_190' title='bbox 864 2472 924 2540; x_wconf 89' lang='grc' dir='ltr'><em>τόν</em></span> <span class='ocrx_word' id='word_1_191' title='bbox 948 2475 1007 2541; x_wconf 79' lang='grc' dir='ltr'><em>ἕνα</em></span> 
     </span>
     <span class='ocr_line' id='line_1_24' title="bbox 49 2562 1006 2663; baseline -0.008 -17"><span class='ocrx_word' id='word_1_192' title='bbox 49 2581 272 2663; x_wconf 77' lang='grc' dir='ltr'><em>κληροῦσθαι</em></span> <span class='ocrx_word' id='word_1_193' title='bbox 287 2578 321 2640; x_wconf 89' lang='grc' dir='ltr'><em>τί</em></span> <span class='ocrx_word' id='word_1_194' title='bbox 336 2570 417 2640; x_wconf 85' lang='grc' dir='ltr'><em>ἀλλο</em></span> <span class='ocrx_word' id='word_1_195' title='bbox 434 2576 537 2650; x_wconf 87' lang='grc' dir='ltr'><em>ε’στίν;</em></span> <span class='ocrx_word' id='word_1_196' title='bbox 559 2562 711 2661; x_wconf 74' lang='grc' dir='ltr'><em>ελτέ’φ’ρό</em></span> <span class='ocrx_word' id='word_1_197' title='bbox 727 2570 878 2639; x_wconf 89' lang='grc' dir='ltr'><em>θάνατον</em></span> <span class='ocrx_word' id='word_1_198' title='bbox 889 2576 1006 2657; x_wconf 76' lang='grc' dir='ltr'><em>ζημίαν</em></span> 
     </span>
     <span class='ocr_line' id='line_1_25' title="bbox 62 2667 1028 2759; baseline -0.012 -16"><span class='ocrx_word' id='word_1_199' title='bbox 62 2672 81 2743; x_wconf 94' lang='lat'><em>6</em></span> <span class='ocrx_word' id='word_1_200' title='bbox 98 2673 200 2759; x_wconf 93' lang='grc' dir='ltr'><em>νόμος</em></span> <span class='ocrx_word' id='word_1_201' title='bbox 218 2674 320 2757; x_wconf 81' lang='grc' dir='ltr'><em>λέγει,</em></span> <span class='ocrx_word' id='word_1_202' title='bbox 342 2669 436 2740; x_wconf 53' lang='grc' dir='ltr'><em>τοῦθ’</em></span> <span class='ocrx_word' id='word_1_203' title='bbox 452 2668 532 2757; x_wconf 76' lang='grc' dir='ltr'><em>ἡμῖν</em></span> <span class='ocrx_word' id='word_1_204' title='bbox 560 2667 664 2748; x_wconf 78' lang='grc' dir='ltr'><em>άόεῶς</em></span> <span class='ocrx_word' id='word_1_205' title='bbox 685 2672 809 2750; x_wconf 80' lang='grc' dir='ltr'><em>ἐξέσται</em></span> <span class='ocrx_word' id='word_1_206' title='bbox 830 2669 1028 2758; x_wconf 69' lang='grc' dir='ltr'><em>πράττεινς.</em></span> 
     </span>
     <span class='ocr_line' id='line_1_26' title="bbox 63 2765 1005 2855; baseline -0.002 -17"><span class='ocrx_word' id='word_1_207' title='bbox 63 2771 154 2838; x_wconf 91' lang='grc' dir='ltr'><em>πάνυ</em></span> <span class='ocrx_word' id='word_1_208' title='bbox 162 2795 216 2855; x_wconf 81' lang='grc' dir='ltr'><em>γε·</em></span> <span class='ocrx_word' id='word_1_209' title='bbox 238 2766 279 2838; x_wconf 84' lang='grc' dir='ltr'><em>οὐ</em></span> <span class='ocrx_word' id='word_1_210' title='bbox 289 2766 354 2855; x_wconf 89' lang='grc' dir='ltr'><em>γάρ</em></span> <span class='ocrx_word' id='word_1_211' title='bbox 366 2765 410 2836; x_wconf 83' lang='grc' dir='ltr'><em>ἀν</em></span> <span class='ocrx_word' id='word_1_212' title='bbox 425 2766 506 2845; x_wconf 85' lang='grc' dir='ltr'><em>αότό</em></span> <span class='ocrx_word' id='word_1_213' title='bbox 517 2768 722 2854; x_wconf 85' lang='grc' dir='ltr'><em>ποιήσαιμεν.</em></span> <span class='ocrx_word' id='word_1_214' title='bbox 750 2767 824 2839; x_wconf 62' lang='lat' dir='ltr'><em>olea</em></span> <span class='ocrx_word' id='word_1_215' title='bbox 839 2766 946 2855; x_wconf 88' lang='grc' dir='ltr'><em>κάγῶ,</em></span> <span class='ocrx_word' id='word_1_216' title='bbox 967 2767 1005 2836; x_wconf 90' lang='grc' dir='ltr'><em>τό</em></span> 
     </span>
     <span class='ocr_line' id='line_1_27' title="bbox 61 2865 1128 2954; baseline -0.004 -18"><span class='ocrx_word' id='word_1_217' title='bbox 61 2876 148 2953; x_wconf 80' lang='grc' dir='ltr'><em>γοῦν</em></span> <span class='ocrx_word' id='word_1_218' title='bbox 157 2867 222 2934; x_wconf 86' lang='grc' dir='ltr'><em>κατ’</em></span> <span class='ocrx_word' id='word_1_219' title='bbox 238 2872 307 2953; x_wconf 81' lang='grc' dir='ltr'><em>ἐμέ·</em></span> <span class='ocrx_word' id='word_1_220' title='bbox 330 2867 398 2938; x_wconf 89' lang='grc' dir='ltr'><em>ἀλλ’</em></span> <span class='ocrx_word' id='word_1_221' title='bbox 411 2865 484 2938; x_wconf 74' lang='grc' dir='ltr'><em>οὐδ’</em></span> <span class='ocrx_word' id='word_1_222' title='bbox 493 2873 601 2936; x_wconf 84' lang='grc' dir='ltr'><em>αἰτίαν</em></span> <span class='ocrx_word' id='word_1_223' title='bbox 612 2868 764 2954; x_wconf 83' lang='grc' dir='ltr'><em>τοιαύτης</em></span> <span class='ocrx_word' id='word_1_224' title='bbox 774 2873 886 2954; x_wconf 76' lang='grc' dir='ltr'><em>ζημίας</em></span> <span class='ocrx_word' id='word_1_225' title='bbox 897 2869 1006 2943; x_wconf 82' lang='grc' dir='ltr'><em>ἐνίους</em></span> <span class='ocrx_word' id='word_1_226' title='bbox 1122 2869 1128 2876; x_wconf 79' lang='grc'><strong>’</strong></span> 
     </span>
     <span class='ocr_line' id='line_1_28' title="bbox 62 2961 873 3060; baseline 0.001 -28"><span class='ocrx_word' id='word_1_227' title='bbox 62 2971 147 3060; x_wconf 81' lang='grc' dir='ltr'><em>ἔχειν</em></span> <span class='ocrx_word' id='word_1_228' title='bbox 156 2961 272 3048; x_wconf 86' lang='grc' dir='ltr'><em>καλόν,</em></span> <span class='ocrx_word' id='word_1_229' title='bbox 286 2963 364 3044; x_wconf 78' lang='grc' dir='ltr'><em>ἐξόν</em></span> <span class='ocrx_word' id='word_1_230' title='bbox 372 2967 427 3053; x_wconf 77' lang='grc' dir='ltr'><em>μή.</em></span> <span class='ocrx_word' id='word_1_231' title='bbox 870 3014 873 3020; x_wconf 86' lang='grc'><strong>-</strong></span> 
     </span>
    </p>

    <p class='ocr_par' dir='ltr' id='par_1_6' title="bbox 20 3060 1088 3447">
     <span class='ocr_line' id='line_1_29' title="bbox 20 3060 1002 3152; baseline 0.003 -26"><span class='ocrx_word' id='word_1_232' title='bbox 20 3071 54 3126; x_wconf 84' lang='grc'><em>13</em></span> <span class='ocrx_word' id='word_1_233' title='bbox 145 3062 233 3130; x_wconf 75' lang='grc' dir='ltr'><em>Εἶεν.</em></span> <span class='ocrx_word' id='word_1_234' title='bbox 257 3061 340 3131; x_wconf 87' lang='grc' dir='ltr'><em>ἀλλά</em></span> <span class='ocrx_word' id='word_1_235' title='bbox 352 3072 454 3132; x_wconf 87' lang='grc' dir='ltr'><em>ταῦτα</em></span> <span class='ocrx_word' id='word_1_236' title='bbox 464 3062 556 3152; x_wconf 76' lang='grc' dir='ltr'><em>μὲνὴ</em></span> <span class='ocrx_word' id='word_1_237' title='bbox 569 3067 662 3144; x_wconf 89' lang='grc' dir='ltr'><em>πόλις</em></span> <span class='ocrx_word' id='word_1_238' title='bbox 673 3066 864 3152; x_wconf 78' lang='grc' dir='ltr'><em>βλάπτεται·</em></span> <span class='ocrx_word' id='word_1_239' title='bbox 894 3060 956 3148; x_wconf 77' lang='grc' dir='ltr'><em>ἐγῶ</em></span> <span class='ocrx_word' id='word_1_240' title='bbox 971 3060 1002 3129; x_wconf 86' lang='lat'><em>6’</em></span> 
     </span>
     <span class='ocr_line' id='line_1_30' title="bbox 60 3160 1088 3254; baseline -0.003 -23"><span class='ocrx_word' id='word_1_241' title='bbox 60 3167 184 3252; x_wconf 79' lang='grc' dir='ltr'><em>ίθίᾳτί;</em></span> <span class='ocrx_word' id='word_1_242' title='bbox 205 3160 378 3229; x_wconf 86' lang='grc' dir='ltr'><em>θεάσασθε</em></span> <span class='ocrx_word' id='word_1_243' title='bbox 398 3160 507 3250; x_wconf 76' lang='grc' dir='ltr'><em>ἡλίκα,</em></span> <span class='ocrx_word' id='word_1_244' title='bbox 527 3166 583 3234; x_wconf 81' lang='grc' dir='ltr'><em>καὶ</em></span> <span class='ocrx_word' id='word_1_245' title='bbox 593 3177 743 3232; x_wconf 89' lang='grc' dir='ltr'><em>σκοπεῖτε</em></span> <span class='ocrx_word' id='word_1_246' title='bbox 755 3162 799 3229; x_wconf 86' lang='grc' dir='ltr'><em>ἀν</em></span> <span class='ocrx_word' id='word_1_247' title='bbox 810 3189 841 3230; x_wconf 94' lang='grc' dir='ltr'><em>τι</em></span> <span class='ocrx_word' id='word_1_248' title='bbox 850 3165 938 3230; x_wconf 73' lang='grc' dir='ltr'><em>δοκῶ</em></span> <span class='ocrx_word' id='word_1_249' title='bbox 950 3165 1005 3229; x_wconf 62' lang='grc' dir='ltr'><em>λε’·Δ</em></span> <span class='ocrx_word' id='word_1_250' title='bbox 1086 3248 1088 3254; x_wconf 20' lang='grc' dir='ltr'>Ι</span> 
     </span>
     <span class='ocr_line' id='line_1_31' title="bbox 59 3252 1003 3385; baseline -0.003 -56"><span class='ocrx_word' id='word_1_251' title='bbox 59 3287 146 3385; x_wconf 86' lang='grc' dir='ltr'><em>χειν·</em></span> <span class='ocrx_word' id='word_1_252' title='bbox 169 3256 255 3328; x_wconf 79' lang='grc' dir='ltr'><em>πολι)</em></span> <span class='ocrx_word' id='word_1_253' title='bbox 266 3259 330 3346; x_wconf 85' lang='grc' dir='ltr'><em>γάρ</em></span> <span class='ocrx_word' id='word_1_254' title='bbox 347 3261 556 3347; x_wconf 76' lang='grc' dir='ltr'><em>χαλεπώτερα</em></span> <span class='ocrx_word' id='word_1_255' title='bbox 566 3269 670 3329; x_wconf 83' lang='grc' dir='ltr'><em>ταῦτα</em></span> <span class='ocrx_word' id='word_1_256' title='bbox 681 3252 730 3329; x_wconf 87' lang='grc' dir='ltr'><em>ῶν</em></span> <span class='ocrx_word' id='word_1_257' title='bbox 740 3257 891 3346; x_wconf 84' lang='grc' dir='ltr'><em>άκηκόαί</em></span> <span class='ocrx_word' id='word_1_258' title='bbox 905 3261 1003 3328; x_wconf 79' lang='grc' dir='ltr'><em>ἐστίν.</em></span> 
     </span>
     <span class='ocr_line' id='line_1_32' title="bbox 55 3356 1003 3482; baseline -0.001 -52.997"><span class='ocrx_word' id='word_1_259' title='bbox 55 3359 189 3446; x_wconf 88' lang='grc' dir='ltr'><em>ὁράτεμ</em></span> <span class='ocrx_word' id='word_1_260' title='bbox 190 3356 334 3452; x_wconf 69' lang='grc' dir='ltr'><em>νεχὴ“</em></span> <span class='ocrx_word' id='word_1_261' title='bbox 314 3383 455 3439; x_wconf 85' lang='grc' dir='ltr'><em>απαντες</em></span> <span class='ocrx_word' id='word_1_262' title='bbox 466 3357 571 3429; x_wconf 80' lang='grc' dir='ltr'><em>αὐτόν</em></span> <span class='ocrx_word' id='word_1_263' title='bbox 582 3359 769 3482; x_wconf 84' lang='grc' dir='ltr'><em>χρῶμενον,</em></span> <span class='ocrx_word' id='word_1_264' title='bbox 791 3361 853 3439; x_wconf 86' lang='grc' dir='ltr'><em>εως</em></span> <span class='ocrx_word' id='word_1_265' title='bbox 869 3358 929 3446; x_wconf 73' lang='grc' dir='ltr'><em>μὲν</em></span> <span class='ocrx_word' id='word_1_266' title='bbox 939 3362 1003 3442; x_wconf 78' lang='grc' dir='ltr'><em>ἔζη,</em></span> 
     </span>
    </p>
   </div>
   <div class='ocr_carea' id='block_1_3' title="bbox 57 3454 1005 3610">
    <p class='ocr_par' dir='ltr' id='par_1_7' title="bbox 57 3454 1005 3610">
     <span class='ocr_line' id='line_1_33' title="bbox 57 3454 1005 3610; baseline -0.003 -84"><span class='ocrx_word' id='word_1_267' title='bbox 57 3466 226 3528; x_wconf 84' lang='grc' dir='ltr'><em>Μενεκλεῖ</em></span> <span class='ocrx_word' id='word_1_268' title='bbox 233 3459 289 3526; x_wconf 78' lang='grc' dir='ltr'><em>καί</em></span> <span class='ocrx_word' id='word_1_269' title='bbox 301 3472 369 3538; x_wconf 91' lang='grc' dir='ltr'><em>τοις</em></span> <span class='ocrx_word' id='word_1_270' title='bbox 377 3461 451 3545; x_wconf 79' lang='grc' dir='ltr'><em>περὶ</em></span> <span class='ocrx_word' id='word_1_271' title='bbox 461 3461 589 3528; x_wconf 77' lang='grc' dir='ltr'><em>ἐκεῖνον</em></span> <span class='ocrx_word' id='word_1_272' title='bbox 599 3457 811 3610; x_wconf 71' lang='grc' dir='ltr'><em>ανθρωαοις,3</em></span> <span class='ocrx_word' id='word_1_273' title='bbox 811 3454 922 3607; x_wconf 76' lang='grc' dir='ltr'><em>χννό</em></span> <span class='ocrx_word' id='word_1_274' title='bbox 935 3457 1005 3526; x_wconf 77' lang='grc' dir='ltr'><em>ετέ·</em></span> 
     </span>
    </p>
   </div>
   <div class='ocr_carea' id='block_1_4' title="bbox 0 0 1164 3894">
    <p class='ocr_par' dir='ltr' id='par_1_8' title="bbox 0 0 1164 3894">
     <span class='ocr_line' id='line_1_34' title="bbox 0 0 1164 3894; baseline 0 2"><span class='ocrx_word' id='word_1_275' title='bbox 0 0 1164 3894; x_wconf 95' lang='lat' dir='ltr'><em> </em></span> 
     </span>
    </p>
   </div>
  </div>
 </body>
</html>
