2318 3894
165 246 227 312 ιοε
366 251 462 308 xxm.
496 246 912 331 AflMozofflorz

164 433 236 477 νων
244 433 313 474 των
328 406 391 493 ήδη
404 405 606 526 κεκριμένων
620 405 767 526 τοσαύτη
780 401 971 490 σπουδή,”
948 427 1041 483 οπως
1057 407 1113 473 λό-

164 531 229 592 μου
239 507 295 573 καὶ
305 510 443 590 κρισεως
458 506 512 572 καὶ
523 528 659 572 παντων
669 499 756 571 οποσ
759 503 846 571 ’ἐστὶ
857 507 968 571 δίκαια
979 503 1111 583 τεύξον

165 629 218 671 ται
228 604 302 687 περὶ
313 627 382 670 των
392 600 534 687 υστερον
545 593 720 686 αίτιων,
698 624 797 686 ηπου
815 607 893 686 περί
906 625 944 685 γε
961 626 1025 667 του
1011 599 1110 687 μήθ’

167 702 334 789 ἡλωκότος
356 699 427 820 μήτ
431 697 679 822 ’ἐμνωσμένου,
702 697 847 780 πότερον
858 695 1062 784 δέδρδκευ”
1038 695 1111 785 ηού

166 803 221 867 καὶ
232 795 339 884 πότερ’
352 792 476 884 όκωνή
488 797 589 881 ἕκόν,
603 797 792 865 πάνδεινον
809 797 952 883 γράφειν
963 793 1009 877 ὡς
1020 800 1109 867 ἐκδο-

167 899 241 964 τέον
251 910 319 976 τοῖς
331 899 535 981 ἐγκαλοῦσιν.

122 1061 157 1116 80
241 1046 311 1115 ”Eu
321 1054 436 1115 τοίνυν
446 1049 534 1114 ἐστὶν
544 1046 620 1133 ἕκτη
630 1051 768 1133 τιμωρία
785 1045 868 1135 πρός
878 1042 1021 1126 διπύσαις
1030 1046 1108 1114 ταύ-

165 1172 246 1229 ταις,
265 1141 309 1232 ήν
320 1142 439 1231 ὁμοίως
450 1144 601 1232 παραβὰς
610 1146 756 1231 μίγραφε
767 1142 804 1212 τό
817 1143 970 1231 ψήφισμα
988 1141 1105 1213 ούτοσί.

166 1245 313 1313 εἰπόντα
324 1244 427 1313 ταύτύ
438 1270 487 1322 τις
497 1241 679 1330 ήγνόηκευ,
698 1242 785 1329 ήκαί
796 1241 1070 1329 παρεληλύθασιν
1080 1244 1109 1309 ol

166 1340 280 1428 χρόνοι
292 1347 328 1411 ἐν
340 1339 389 1421 οἷς
400 1347 466 1411 ἔδει
476 1342 604 1411 τούτων
615 1342 736 1410 ἕκαστα
747 1355 869 1429 ποιεῖν,
881 1338 912 1433 ή
929 1338 971 1409 δι’
983 1339 1064 1410 ἄλλο
1079 1366 1107 1407 τι

167 1439 239 1527 ούχὶ
249 1442 406 1529 βούλεται
415 1440 554 1519 τούτους
564 1437 641 1518 τούς
651 1439 794 1525 τρόπους
805 1437 1042 1527 ἐπεξιέναι,τὸν
1050 1436 1149 1512 οἷν-σθ

167 1538 338 1624 δροφόυον
350 1536 380 1604 δ’
395 1535 458 1625 δρᾷ
469 1538 640 1620 περιιόντα
651 1541 687 1604 ἐν
699 1552 766 1616 τοῖς
782 1543 880 1624 ἱεροῖς
890 1538 945 1605 καὶ
956 1537 1040 1605 κατὰ
1050 1533 1106 1623 τήν

167 1633 305 1721 ιἰγορόιυ,
317 1633 459 1717 ἀπόγεια
469 1640 593 1714 ἔξεστιν
605 1639 650 1714 είς
660 1631 696 1702 τό
711 1635 952 1722 δεσμωτήριον,
978 1632 1043 1705 ούκ
1061 1642 1106 1703 υί-

86 1749 89 1754 ’
167 1738 248 1801 καδε
266 1731 343 1801 οὐδ’
363 1732 440 1801 όποι
460 1733 629 1820 βούλεται,
653 1732 762 1819 ὥσπερ
780 1732 822 1802 σύ
841 1736 995 1825 δέδωκας.
1029 1728 1106 1802 κύν-

33 1836 37 1843 ’
111 1874 117 1885 ·
167 1829 264 1919 ταῦθ’
278 1829 437 1917 όπαχθεὶς
449 1829 524 1898 οὐδ’
538 1828 662 1917 ὁτιοῦν,
673 1834 751 1919 πρὶν
763 1827 806 1899 ἂν
817 1838 935 1920 κριθή,
952 1839 1105 1949 πείσεται,

167 1927 236 1997 ἀλλ’
247 1927 307 1997 ἐόν
323 1930 385 2015 μὲν
401 1926 488 2019 ἁλῷ,
509 1931 646 2021 θανύτω
664 1929 937 2052 ζημιωθήσεται,
943 1929 1005 1997 ἐὰν
1020 1926 1127 2048 δέμδ

167 2027 332 2118 μεταλύβη
344 2025 385 2098 τὰ
394 2032 543 2115 πέμπτου
558 2032 714 2115 μέροςυ
674 2038 740 2097 τόν
753 2029 876 2116 ψήφων
886 2025 905 2097 ὁ
917 2023 1105 2115 ύπαγαμδν,
1127 2059 1133 2065 ·

123 2149 156 2204 81
166 2133 269 2214 χιλίας
279 2126 515 2213 προσοφλήσει.
537 2124 605 2195 ἀλλ’
613 2124 673 2214 ούχ
685 2116 781 2204 οὗτος
792 2131 913 2212 ἔγραψε
923 2132 1042 2213 ταύτα,
1052 2122 1107 2192 ἅλ’-

167 2225 207 2295 λόι
218 2224 278 2294 τόν
289 2227 349 2313 μὲν
361 2225 478 2317 ἀθῷον
489 2254 510 2293 α
512 2226 718 2310 ίτιόσασθαι,
735 2222 795 2292 τόν
805 2222 879 2292 BV
857 2249 992 2308 ακριτον
1004 2248 1106 2312 παρα-

52 2383 58 2391 .
166 2333 274 2413 χρῆμα
285 2329 485 2394 ἐκδίδοσθαι.
509 2324 568 2393 ἐόν
580 2329 618 2393 δε
625 2353 676 2405 τις.
683 2319 904 2411 αυθρωπωυη
912 2320 1107 2413 καὶόληπός

166 2432 216 2503 λις
230 2423 401 2502 τοσούτοις
412 2430 561 2509 νομίμοις
578 2420 859 2509 ύναιρουμέυοις”
839 2441 931 2500 οσοις
949 2419 1014 2508 ἐρ”ω
1027 2424 1106 2502 διεξ-

167 2520 332 2605 ελήλυθα,
357 2520 411 2585 καὶ
428 2519 597 2637 τοσούτοις
616 2523 834 2605 δικαστηρίοις
855 2524 1107 2639 καταλυομένοις

167 2615 258 2693 ὅσοις
276 2625 406 2701 εἴρηκα,
428 2611 448 2680 όι
444 2614 541 2683 θεοὶ
558 2619 748 2701 κατέδειξαν
765 2621 819 2686 καὶ
836 2617 916 2704 μἐτα
932 2626 1039 2687 ταῦτα
1050 2615 1107 2685 ἄν·

166 2723 299 2798 θρωποι
308 2718 452 2797 χρῶνται
462 2712 569 2779 πόντα
579 2710 640 2780 τόν
649 2715 783 2800 χρόνον,
795 2713 967 2805 βοηθήσῃ,
985 2710 1086 2784 καὶ
1052 2739 1108 2782 του

167 2808 383 2898 ὑβριζόμενον
394 2813 449 2878 καὶ
460 2811 758 2899 παρανομούμενον
775 2811 950 2900 ἀφέληται,
967 2796 1107 2881 ἔκσπον-

167 2912 227 2978 δον
239 2913 382 2995 ἔνραψευ
392 2909 492 2993 εἶναι,
511 2912 565 2978 καὶ
578 2909 659 2982 ούδὲ
675 2911 781 3001 τούτῳ
794 2910 895 2998 λόγον
913 2908 993 2981 οὐδὲ
1003 2916 1108 3000 κρίσιν

167 3012 346 3097 πεποίηκεν
351 3059 361 3094 ,
386 3006 470 3076 ιἰλλόι
487 3013 541 3078 καὶ
557 3018 678 3078 τοῦτον
689 3006 794 3089 εύθύς
810 3009 892 3079 ἄνευ
903 3017 1044 3097 κρίσεως
1054 3033 1107 3083 κο-

166 3106 262 3184 λύζει.
286 3115 355 3185 πῶς
366 3101 441 3192 α”νή
453 3108 640 3192 δεινότερον
656 3109 783 3192 γένοιτο
795 3104 817 3196 ή
829 3108 1107 3198 παρανομώτερον

165 3202 287 3270 τούτου
298 3202 466 3290 ψήφισμας
488 3238 491 3243 ·

123 3377 158 3430 82
247 3350 326 3438 'Aoni
336 3381 384 3436 τις
393 3354 473 3443 ἡμῖν
483 3361 531 3424 ἔτι
549 3360 662 3439 λοιπός
679 3332 746 3428 ἐστι
763 3361 880 3448 νόμοςς
902 3366 1021 3442 δεῖξον.
1052 3355 1107 3428 οδ

166 3459 246 3523 τοσί.
278 3459 489 3539 λέγετούτον.
