2318 3894
153 256 218 321 4ffi
354 256 464 316 XXXV.
486 252 902 315 ΔΗΜΟΣΘΕΝΟΤΣ

504 417 753 481 imma

113 589 148 642 1⁰
239 549 427 657 [Ἐδᾶνεισαν
450 546 627 635 Ἀνδροκλῆς
649 548 796 651 Σφηττιης
822 551 874 614 καλ
894 544 1142 631 Ναυσικρᾶτης

198 633 362 738 Καρύστιος
376 631 532 724 Ἆρἰίμωνι
548 636 599 696 καλ
599 578 823 738 ξΑιτχλλοδαλρηι
838 633 1020 735 Φασηλίταις
1036 634 1109 735 δρη-

198 746 272 804 ς
282 714 426 801 αργαρίον
435 711 599 818 τρισχιλίας
599 712 777 822 Ἀθήνηθεν
786 723 827 792 είς
834 712 999 819 Μίηδην
976 743 998 797 η
1008 712 1108 778 Σκιιί·
1117 733 1155 789 925

198 831 270 908 νην,
287 803 337 864 καλ
355 803 545 901 ἐητεῦθινεί
518 797 725 883 ίςΒόσπορον,
747 796 1036 904 ἐδνδδβηὺλωνται,
1057 806 1109 881 τῆς

197 879 270 950 ἐπ”
252 904 389 967 αριστερα
377 877 483 967 μέχρι
494 887 702 987 Βορυσθενους
709 886 766 948 καλ
781 879 1043 988 πᾶλινἈθήναζε,
1063 883 1108 944 ἐπλ
1139 921 1141 927 -

199 970 403 1043 διακοσίαις”
373 987 465 1031 εικοσι
471 961 598 1033 πίὺτε
566 993 618 1043 τας
628 970 719 1071 χιλίας
724 963 805 1074 ,τίαν
815 968 848 1033 δὲ
861 993 912 1049 μετ
908 962 1108 1075 ’Ἀρκτοῦρον

198 1048 396 1154 ίηπλεῦσωσιν
416 1051 449 1114 ἐκ
465 1075 517 1114 τον
504 1047 654 1115 Πόντον
670 1045 714 1130 ἐφ’
731 1032 840 1135 Ιερδν,
862 1052 911 1114 ἐπὶ
925 1053 1107 1154 τριακοσίαις

197 1131 250 1212 τιλς
261 1137 362 1216 χιλίας,
385 1134 475 1197 ἐπ’
442 1158 525 1198 οινον
536 1137 701 1238 κεραμίοις
692 1137 858 1209 Μενδαίοις
874 1127 1093 1234 τρισχιλίοις,“
1075 1155 1107 1235 ρς

197 1207 351 1284 πλεύσετδιι
374 1218 407 1281 ἔτι
429 1213 596 1322 Μένδης
574 1245 595 1300 η
616 1210 754 1300 Σκιαλνης
774 1220 863 1282 ίν”
826 1243 863 1304 τη
888 1210 1083 1320 εἰκοσόρῳ,
1070 1241 1107 1297 ην

192 1299 346 1386 Ὑβλήσιος
353 1308 526 1408 ναυκληρεῖ.
551 1296 727 1366 ὑποτιθέασι
743 1302 885 1405 δλταῦτα,
904 1295 961 1364 οῦκ
971 1279 1105 1402 ὄφελλον

197 1412 243 1462 τις
253 1384 422 1462 ίπλτοῦτοις
434 1383 513 1472 ἄλλη)
525 1379 623 1489 οδδεηλ
635 1379 762 1488 οὑδὲν’
744 1382 972 1486 αρχῦριον,
924 1376 992 1446 οὐδ’
1007 1383 1105 1445 ἐπιδα-

199 1475 351 1535 νείσονται.
364 1449 615 1573 καλιῖπᾶξοοσιτίι
622 1465 822 1574 χρήματα
768 1493 805 1531 τα
817 1470 849 1531 ἐκ
860 1492 912 1531 τοο
899 1459 1071 1529 Πόντον’
1052 1492 1106 1528 αν-

196 1546 441 1637 τιφορτισθίντα’
436 1549 605 1656 Αθήναζε
587 1560 680 1617 παλιν
691 1554 723 1615 ἐν
732 1577 773 1638 τρι
785 1545 864 1637 αὑτφ
852 1553 969 1635 πλοίῳ
981 1571 1104 1612 απαντα.

198 1640 355 1700 σωθέντων
378 1637 411 1700 δλ
427 1643 488 1700 τιλν
507 1635 664 1720 χρημάτων
684 1615 830 1739 Ἀθηναζε
845 1611 1060 1737 δπηδωσουσιν
1080 1635 1109 1695 οί

198 1718 403 1822 δανεισάμενοι
418 1726 535 1820 τοῖς
497 1723 647 1782 δανείσασι
662 1717 695 1781 τδ
711 1716 889 1824 γιγνόμενον
896 1709 1042 1824 ἆρχῦριον
1054 1740 1105 1778 ιτα-
1149 1764 1152 1770 .

86 1799 94 1826 ’
136 1803 139 1810 ’
168 1867 172 1874 .
196 1797 232 1864 τδι
249 1827 306 1905 τχν
322 1818 498 1882 σαχχραφην
519 1795 678 1907 ημερῦν
654 1794 820 1907 είκοσιν,’
787 1795 852 1906 αφ’
868 1827 907 1905 ης
920 1798 961 1864 δν
977 1802 1105 1863 ἔλθωσιν

193 1878 453 1986 Ἀθήναζε,ίντελέ
452 1891 560 1986 ςηλην
567 1880 745 1988 ίκβολῆς,“
719 1912 771 1986 ην.
782 1912 822 1949 αν
831 1889 862 1950 οἱ
869 1882 998 1985 σύμπλοι
1009 1900 1104 1964 ψηφι-

125 2020 131 2029 .
197 1962 318 2049 σιίμενοι
308 1991 416 2072 κοινη
402 1964 623 2069 ἐκβαλωνται,
644 1970 695 2033 καλ
706 1965 745 2031 ἄν
756 1994 785 2032 τι
801 1973 948 2049 πολεμίοις
959 1960 1103 2047 ἆποτίσω-

197 2069 259 2115 σιν·
281 2044 381 2114 τῶνδ’
395 2046 519 2115 αλλων
503 2075 643 2116 απαντων
660 2053 776 2127 ἐντελές.
806 2054 857 2115 καλ
874 2053 1048 2153 παρέξουσι
1044 2073 1103 2123 τοις

198 2128 388 2236 δανείσασι
357 2158 415 2237 την
421 2120 583 2237 ὑποθήκην
595 2129 750 2214 ἆνίπαφον
744 2142 903 2239 κρατεῖν,
906 2136 960 2211 εως
978 2128 1019 2197 δν
1030 2127 1102 2196 660-

197 2211 314 2282 δοῦσι
285 2240 318 2280 το
329 2214 503 2300 γιγνόμενον
520 2211 665 2302 ἄρχιίριον
680 2211 756 2282 κατδι
766 2243 822 2323 την
833 2217 1019 2323 συγγραφήν.
1053 2210 1103 2279 ἔᾶν

197 2298 275 2365 δὲ
239 2329 279 2384 μη
291 2294 443 2364 ιἰποδῦσιν
454 2302 487 2365 ἐν
496 2327 536 2366 τω
524 2304 728 2409 συγκειμένῳ
745 2302 876 2411 χρόνηο,
878 2327 915 2364 τα
904 2296 1102 2402 ὑποκείμενα

194 2392 256 2460 τοῖς
278 2389 447 2449 δανείσασιν
475 2367 577 2463 ἐξίστω
604 2383 765 2450 ὑποθεῖναι
785 2389 836 2450 καὶ
858 2378 1039 2448 ἆποδόσθαι
1035 2389 1102 2485 τῆς

194 2466 381 2551 ὑπαρχούσης
391 2475 489 2550 τιμῆς·
512 2471 563 2533 καί
575 2468 627 2534 ἐοίν
636 2497 664 2534 τι
675 2471 788 2573 ἐλλείπη
798 2494 850 2533 τον
837 2450 1041 2573 ὀλρχορίοοζε
1034 2464 1107 2530 δδεῖ

195 2553 334 2633 γενέσθαι
343 2561 404 2654 τρῖς
415 2556 564 2616 δανείσασι
575 2551 649 2617 κατὰ
660 2550 715 2634 τὴν
726 2546 911 2637 συγγραφὴν,
923 2576 999 2614 κατα
987 2545 1101 2632 Ἀρτί-

148 2654 155 2668 ·
195 2650 291 2714 μωνος
302 2635 353 2697 καλ
352 2628 581 2739 Ἀπολλοδώρου
592 2639 664 2700 ἐστω
676 2638 809 2720 ηπρᾶξις
819 2644 879 2710 τοῖς
890 2638 1041 2698 δανείσασι
1053 2638 1102 2695 καὶ

196 2718 228 2778 ἑκ
239 2724 299 2778 τῶν
308 2714 419 2780 τούτων
430 2713 579 2825 ἇπᾶντων,
597 2746 648 2783 και
639 2721 737 2802 ἕχχεί
737 2746 778 2782 ων
724 2721 839 2782 ίκαλ
849 2743 1028 2823 ναντικων,
1026 2739 1101 2779 παν-

170 2833 175 2840 ·
194 2806 282 2878 ταχοῦ
293 2792 369 2862 όποὺ
380 2794 420 2862 δν
431 2794 499 2880 ὦσι,
511 2799 649 2885 καθάπερ
661 2806 748 2882 δίκην
759 2796 956 2905 ὠφληκότων
950 2795 1028 2864 καλ
1012 2818 1149 2881 οπερ-9η

193 2877 355 2993 ημίρων”
336 2906 432 2946 οντων
422 2929 446 2985 ,
476 2885 526 2946 καλ
548 2885 591 2946 ἕνλ
608 2886 741 2986 ἑκατέρῳ
757 2891 818 2948 τῶν
835 2880 1035 2949 δανεισάντων
1051 2882 1102 2946 καλ

97 3029 103 3049 ‚
194 2966 414 3051 ἆμφοτίροιςλ
414 2960 453 3030 δν
464 2961 542 3031 δὲ
505 2991 546 3071 μη
558 2948 729 3072 εἰσβάλωσι
733 2973 880 3071 μείναντες
892 2969 941 3073 ίηλ
950 2969 1020 3071 καηλ
1032 2961 1101 3048 ημί-

194 3077 335 3157 ραςκα
264 3053 335 3117 δίκα
353 3046 410 3115 ἐν
406 3049 620 3162 Ελλησπόντμ,
642 3048 834 3134 ἐξελόμενοι”
818 3076 893 3116 οποο
908 3047 947 3114 δν
955 3078 1004 3156 μη
992 3045 1102 3114 σῦλαι

194 3127 267 3201 οἷσιν
275 3130 459 3239 Ἀθηναίοις,
483 3161 533 3199 και
524 3115 687 3200 ἐντεῦθεν
699 3133 948 3209 καταπλεύσαντες
955 3129 1102 3237 Ἀθήναζε

149 3289 152 3294 ‚
192 3213 260 3295 τοὺς
277 3214 381 3292 τόκους
399 3213 571 3283 ἀποδόντων
590 3213 657 3295 τοὺς
677 3222 782 3323 πέρασι
798 3220 963 3327 χραφίντας
981 3220 1023 3294 είς
1031 3242 1101 3322 την

189 3296 391 3401 ισιιχγραφην.
411 3297 464 3364 ἒδν
482 3304 520 3365 δέ
529 3327 557 3364 τι
573 3300 677 3384 ηναῦς
691 3301 778 3391 παθη
789 3299 951 3383 ανηκεστον
970 3286 1046 3362 5v
1024 3321 1045 3382 η
1063 3326 1101 3362 αν

192 3378 313 3469 πλέη
281 3407 317 3446 τα
335 3379 483 3486 χρηματα,
507 3393 615 3483 σωτηρί
614 3411 634 3449 α
603 3389 727 3450 ίίστω
746 3393 805 3450 τῦν
823 3386 1041 3466 ὑποκειμένων
1063 3377 1102 3446 τὰ

194 3467 226 3532 δὲ
251 3489 460 3550 περιγενομενα
486 3463 572 3532 κοινδι
594 3472 666 3535 ἔστω
687 3478 748 3546 τοῖς
771 3473 947 3534 δανείσασιν.
988 3463 1104 3552 καριιδ-
