2318 3894
318 245 456 308 RATA
484 241 727 304 MEIAIOY.
903 278 905 282 -
956 233 996 299 61

54 434 90 476 τα
104 407 167 477 τόν
185 406 267 495 μετὰ
283 415 388 475 ταῦτα
405 405 529 491 χρόνον
551 402 699 470 διδάσκει
714 398 792 478 τοῦς
808 396 928 483 χοροῦς
944 398 999 465 καί

55 504 317 576 οόδλτῶνίδίων
333 508 467 590 ἐχθρῶν
480 499 588 578 οῦδείς
605 497 747 566 κωλύει·
779 492 904 564 τοσοῦτ’
919 494 999 561 ἀπέ-

22 629 142 694 εοχει
115 611 186 672 τῶν
201 611 364 691 χορηγῶν.
400 599 499 678 ἀλλος
521 601 610 665 ἐστὶν
626 595 875 681 Ἀριοτείδηςθ
876 597 1001 679 ἰνηΐδος

55 699 201 790 φυλῆς,’
178 727 353 789 ητυχηκως
362 726 394 767 τι
405 687 513 766 καλ
471 722 568 774 ουτος
578 720 741 776 τοιουτου
751 720 787 772 ος
797 719 863 760 νυν
873 693 935 778 μὲν
946 693 1001 757 καλ

55 804 161 888 γέρων
172 798 336 884 εστίνηδη
347 800 402 865 καί
414 807 492 874 ἴσως
502 819 612 880 ηττων
628 789 800 878 χορευτὴς,
822 817 864 876 ην
875 792 914 857 δέ
922 786 999 856 ποθ
1021 851 1024 858 ,

55 896 189 986 ἡγεμῶν
206 905 277 989 τῆς
283 903 393 981 φυλῆς
407 905 598 978 κορυφαιος.
633 900 702 958 ίστε
720 888 757 956 δὲ
774 884 1001 974 δήπουτοῦθ,

57 996 105 1066 ότι
115 993 176 1063 τόν
186 992 333 1081 ἡγεμόνα
345 990 388 1061 ἀν
400 991 506 1086 ἀφέλη
515 1016 579 1075 τις,
603 986 754 1077 οἰχεται’
740 1015 758 1056 ο
769 987 883 1067 λοιπος
894 987 1000 1074 χορός

58 1091 163 1163 ἀλλ”
142 1120 232 1180 ομως
249 1101 383 1162 πολλῶν
400 1098 552 1213 χορηγῶν
573 1087 877 1174 φιλουεικησάντων
894 1083 1004 1163 οὐδεὶς

57 1194 190 1262 τῶποτε
200 1201 280 1261 τοῦτ
283 1191 368 1260 ἐἰδε
378 1217 415 1258 το
404 1189 661 1274 πλεονέκτημα,
674 1185 747 1254 οὐδ’
757 1182 914 1272 ἐτόλμησε
924 1193 1005 1251 τοῦ·

56 1317 114 1359 τον
136 1293 308 1375 ἐξαγαγεῖν
324 1287 403 1357 οῦδὲ
420 1295 582 1355 κωλῦσαι·
607 1283 691 1351 ’διὰ
679 1282 743 1369 γάρ
759 1282 797 1352 τό
816 1289 886 1352 δεῖν
900 1282 1006 1350 αἰτόν

59 1387 300 1475 ἐπιλαβόμενον
317 1389 455 1475 τῇχειρλ
472 1392 570 1452 τοῦτο
588 1383 787 1468 ποιῆσαικαὶ
798 1382 842 1467 μη
859 1388 1067 1468 nonaxon-5³4

57 1488 220 1554 λέσασθαι
228 1486 311 1568 πρός
321 1483 381 1552 τόν
389 1483 536 1568 ἀρχουτα
547 1485 681 1562 ἐξεῖναι,
695 1478 805 1562 ῶσπερ
817 1475 861 1546 ἀν
872 1487 901 1548 εἰ
911 1484 1007 1559 ξένον

57 1601 101 1662 τἰς
111 1587 288 1667 ἐξαγαγεῖν
303 1582 475 1670 ἐβούλετο,
498 1578 584 1658 ἀπας
600 1606 649 1658 τις
660 1577 828 1664 ῶκνειτῆς
837 1578 1007 1664 ἀσελγείας

28 1681 178 1765 διταῦτης
185 1678 337 1764 αὐτόχειρ
349 1678 497 1764 ὀφθῆναι
507 1679 710 1764 γιγνόμενος.
734 1675 797 1747 οῦκ
808 1672 872 1761 οῦν
883 1680 1004 1768 δεινόν,

60 1771 1007 1862 ἀάνδρεςδικασταὶ,καίοχέτλιοντῶνμλννικάνάν[ταυ-

60 1881 97 1964 τλ]
114 1874 210 1962 παρὰ
226 1873 314 1944 τοῦτ’
336 1877 497 1963 οἰομένων
513 1884 680 1960 χορηγῶν,
703 1879 770 1944 τῶν
787 1875 1008 1962 ἀνηλωκότων

61 1975 221 2052 πολλάκις
238 1972 346 2041 πόντα
364 1971 404 2041 τά
422 1973 502 2043 όυτα
522 1981 568 2053 εἰς
582 1972 640 2051 τάς
652 1983 872 2063 λειτουργίας,
885 1981 1008 2064 μηδένα

61 2082 221 2162 τολμῆσαι
230 2072 364 2152 πῶποτε
378 2070 454 2158 μηδ’
470 2065 519 2140 ῶν
535 2077 568 2141 οἰ
580 2073 677 2158 νόμοι
686 2073 837 2141 διδόασιν
847 2072 1008 2161 ἅψασθαι,

62 2169 126 2241 ἀλλ’
144 2169 256 2248 οὕτως
274 2167 437 2257 εὐλαβῶς,
459 2169 566 2249 οὕτως
576 2169 742 2256 εὐσεβῶς,
767 2170 1010 2259 οὕτωμετρίως

63 2266 353 2359 διοικείσθαιῶοτε
364 2266 602 2345 ἀναλίσκοντας
612 2267 822 2352 ἀγωνιῶντας
832 2270 920 2354 ὅμως
931 2270 1011 2338 ἀπέ-

63 2365 179 2455 χεσθαι
199 2369 257 2436 καλ
269 2357 489 2455 ,προορᾶσθαι
508 2364 566 2444 τάς
587 2363 745 2453 ὑμετέρας
767 2367 941 2453 βουλήσεις
957 2373 1012 2437 καλ

64 2468 120 2554 τὴν
131 2468 212 2551 περὶ
222 2464 286 2551 την
297 2463 416 2551 ἑορτὴν
426 2463 588 2551 σπουδὴν,
599 2469 747 2532 Μειδίαν
758 2464 819 2538 δὲ
805 2466 941 2552 διῶτην
952 2467 1012 2536 όν-

66 2593 111 2653 τα,
122 2564 232 2654 μηδεν
242 2561 492 2651 ἀνηλωκότα,
472 2590 523 2632 οτι
532 2587 577 2653 τῳ
588 2565 814 2651 προσέκρουσε
828 2568 882 2633 καί
894 2564 1029 2654 ἐχθρός-

66 2662 203 2752 ὑπῆρχε,
214 2671 336 2731 τοῦτον
346 2629 568 2730 ἀυαλίσκοντόι
578 2664 633 2728 καὶ
644 2672 851 2748 χορηγοῦντα
863 2667 903 2732 ἐπ
879 2671 1012 2752 πίτιμον

68 2760 148 2830 ὄντα
159 2753 645 2848 προπηλακίζεινκαίτόπτειν,
667 2763 722 2836 καλ
738 2761 819 2847 μήτε
830 2771 887 2848 τῆς
899 2765 1013 2850 εορτῆς
1043 2822 1046 2827 .

69 2860 146 2945 μήτε
162 2866 234 2927 τῶν
251 2858 365 2944 νόμων
380 2859 460 2944 μήτε
476 2863 511 2925 τί
523 2854 615 2943 ῦμείς
631 2861 758 2941 ἐρείτε
752 2860 841 2946 μήτε
850 2869 911 2928 τοῦ
927 2871 1013 2930 θεοῦ

71 2961 264 3044 φροντίζειν.

43 3057 75 3110 θλ
148 3045 460 3139 Πολλωντοίνυυ,ω
471 3052 590 3139 ανδρες
598 3050 776 3142 Αθηναιοι,
785 3063 1014 3146 γεγενημένων

16 3152 201 3236 ἐχθρῶν
214 3149 387 3238 ἀλλήλοις,
407 3150 448 3220 06
458 3153 565 3237 μόνον
573 3154 606 3231 ἐξ
618 3156 727 3238 ἰδίων,
739 3152 824 3221 ἀλλά
833 3158 887 3224 καλ
898 3160 933 3225 ἐκ
943 3186 1015 3227 κοι-

75 3255 140 3316 νῶν
149 3249 372 3335 πραγμάτων,
390 3246 499 3328 ουδελς
509 3248 629 3317 πωποτ
644 3257 693 3329 ες
705 3262 825 3321 τοοουτ
829 3252 1016 3339 ’ἀναιδείας
1060 3283 1063 3287 ·

78 3341 251 3429 ἀφίκετο“
222 3366 308 3414 ωστε
318 3371 472 3414 τοιουτου
482 3372 514 3414 τι
524 3356 683 3435 τολμησαι
694 3365 809 3418 ποιεῖν
831 3360 938 3432 καιτοι
949 3383 1017 3440 φα

81 3439 336 3530 ιλνἸφικράτην
343 3442 419 3515 ποτ
425 3447 553 3514 ἐκείνου
568 3455 708 3518 Διοκλεῖ
718 3475 764 3538 τρι
751 3452 939 3520 Πιτθεῖ
902 3476 942 3518 τα
952 3454 1018 3538 μῶ-
