2318 3894
135 259 199 324 ειι
248 210 289 255 ³
337 220 886 319 xx1x..AHMom1vor2

104 493 107 498 ,
137 415 308 505 λξαγαγιδν
322 419 379 486 καὶ
394 414 455 484 τόν
464 413 591 483 λάκκον
600 418 782 501 συντρίψας
791 415 846 481 καλ
856 408 897 480 τά
906 409 1088 499 θυρώματ’

136 517 333 596 ἀποσπάσας
348 515 404 585 καί
421 514 528 601 μόνον
538 510 602 581 οὐκ
613 509 720 598 αὐτὴν
730 508 908 597 τηνοίκίαυ
918 509 1090 597 ἐμπρήσας
1142 582 1145 591 ,

137 612 314 703 Μέγαράδ’
336 613 478 699 έξφόκηκε
498 608 596 687 κάπεί
611 615 779 696 μετοίκιον
798 610 959 676 τέθεικεν.
1003 604 1100 675 ὥστε·
1121 629 1128 647 “

136 705 284 783 πολδάν
300 711 508 795 δικαιότερον
523 705 577 776 διά
592 715 697 776 ταῦτα
712 705 754 774 τά
764 711 845 792 ἔργα
854 713 977 774 τοῦτον
987 705 1088 794 μισή-

20 797 56 896 ,“
137 807 353 898 σαιτεῆέμυῠ
362 835 438 877 τινα
447 804 668 898 ἀνεπιείκειαν
679 809 903 890 καταγνοίητε.

111 924 129 978 ε
220 912 303 996 Περὶ
318 899 459 996 μὲνοῦν
474 912 532 994 τῆς
550 907 797 991 αἰσχροκερδίας
817 910 876 988 τῆς
898 899 1086 969 τούτουκαὶ

137 1013 268 1095 μιαρίας
286 1005 428 1091 ὕστερόν
444 1029 500 1092 μοι
518 1009 612 1072 δοκεῖ
620 1006 800 1082 διεξελθείν
810 1018 893 1086 προς
903 1024 1000 1086 υμας
1033 1002 1087 1068 καὶ

136 1111 202 1172 νῦν
220 1101 294 1171 δ”
271 1130 315 1184 ως
331 1106 368 1171 έν
384 1097 610 1188 κεφαλαίοις’
591 1099 769 1186 ακηκόατε·
791 1098 866 1180 περὶ
884 1095 921 1165 δέ
936 1122 1007 1165 των
1028 1123 1087 1184 με·

136 1205 412 1289 μαρτυρημένων,
436 1197 479 1278 ἀς
496 1205 586 1268 ἔστιν
602 1196 727 1284 ἀληθῆ,
750 1187 874 1281 περὶ
845 1217 957 1283 ωνπερ
979 1205 1088 1264 οίσετε

136 1299 198 1386 τήν
214 1308 345 1386 ψῆφον,
366 1297 429 1386 ἤδη
447 1297 644 1384 πειράσομαι
661 1292 859 1365 διδάσκειν*
840 1303 936 1382 υμάς.
970 1298 1087 1382 δέομαι

138 1394 201 1464 δ’
182 1404 294 1483 υμαῑν,
316 1423 342 1464 ω
331 1388 475 1483 ανδρες
485 1398 651 1481 δικασταί,
674 1398 804 1463 δικαίαν
816 1395 945 1480 δέησιν,
964 1397 1093 1474 έξίσου·

135 1495 230 1581 ἡμῶν
252 1492 448 1581 ἀμφοτέρων
471 1492 620 1561 ἀκοῦσαι.
663 1499 762 1561 τοῦτο
782 1490 813 1560 δ’
837 1494 908 1562 έστδ
923 1495 980 1561 καλ
1001 1490 1140 1578 δπὲρθέλ

137 1590 234 1678 ὑμῶν
250 1588 384 1677 ὁμοίως·
404 1589 473 1679 ὅσω
488 1588 554 1675 γάρ
576 1586 621 1657 ἀν
640 1586 876 1677 ἀκριβέστερον
894 1587 935 1659 τά
957 1614 1088 1677 πεπρα-

137 1692 241 1774 γμένα
257 1689 400 1806 μάθητε,
421 1686 569 1776 τοσοότφ
582 1685 788 1772 δικαιοτέραν
799 1692 855 1756 καὶ
865 1686 1089 1775 εὐορκοτέραν

113 1787 287 1871 σθησεοθε
302 1783 364 1870 την
382 1789 498 1868 ψῆφον
512 1783 588 1869 περὶ
605 1780 737 1850 αότεῐν.
758 1786 907 1866 ἐπιδείξω
918 1785 956 1854 δδ
964 1812 1089 1857 τουτον

96 1879 179 1949 ἱοά
195 1879 302 1966 μόνον
319 1875 552 1972 ὡμολογηκότα
569 1877 703 1950 εἶναι
668 1882 877 1952 τονΜιλάαυ
894 1884 1087 1972 ἐλεύθερον,

136 1977 220 2051 ἀλλά
237 1982 292 2049 καλ
314 1977 462 2067 φανερόν
478 1985 558 2047 τοῦτ
562 1977 675 2071 ’έργφ
692 1981 910 2068 πεποιηκότα,
931 1985 988 2051 καὶ
1005 1981 1089 2070 πρός

136 2079 264 2169 τούτοις
275 2076 606 2165 κβασανουπερλ
563 2104 675 2147 αυτων
682 2080 871 2166 πεφευγότα
878 2107 1089 2162 τουτοντους

137 2173 392 2266 ἀκριβεστάτους
410 2179 582 2263 ἐλέγχους,
598 2180 653 2247 καὶ
671 2175 733 2247 οὐκ
750 2179 946 2265 ἐθελήσαντ’
960 2185 998 2249 έκ
1008 2181 1088 2250 τοά-

59 2294 62 2298 ‘
136 2303 204 2346 των
218 2280 373 2359 ἐπιδείξαι
389 2273 453 2364 τὴν
468 2275 646 2364 ἀλήθειαν,
667 2274 751 2345 ἀλλά
761 2285 1023 2365 πανουργοῦντα
1032 2281 1087 2348 καί

136 2376 306 2464 μάρτυρας
322 2379 454 2456 ψευδεῖς
463 2375 691 2463 παρεχόμενον
702 2374 758 2446 καὶ
767 2379 1007 2455 διακλέπτοντα
1018 2393 1086 2456 τοις

138 2477 260 2542 ἑαυτοῦ
270 2473 380 2560 λόγοις
390 2471 625 2561 τηνάλήθειαν
635 2481 704 2543 τάν
714 2478 972 2567 πεπραγμένων,
997 2475 1087 2545 οὕτω

137 2573 291 2658 μεγάλοις
312 2573 367 2640 καὶ
388 2586 545 2657 φανεροῖς
566 2575 708 2659 ἐλέγχοις
746 2571 834 2641 ὥσθ’
857 2570 944 2660 ὑμᾶς
959 2573 1088 2652 πάντας
1110 2601 1112 2605 ·

136 2676 286 2736 εἴσεσθαι
297 2676 417 2753 σαφῶς
432 2666 483 2736 ότι
499 2666 648 2756 ἡμείςὲ
607 2697 631 2756 μ
648 2697 670 2738 υ
688 2668 799 2757 ἀληθῆ
808 2673 963 2758 λέγομεν,
984 2663 1093 2750 οὗτος

136 2762 168 2835 δ’
187 2763 288 2835 οὐδὲν
304 2764 394 2851 ὑγιές
415 2775 556 2852 είρηκευ.
587 2765 777 2855 άρξομαιδ
798 2771 959 2838 ἀιτευθεν
997 2768 1087 2837 ὅθεν

78 2862 293 2952 καλυμείς
302 2858 431 2953 ραστ
409 2890 453 2931 αυ
462 2865 602 2949 μαθοιτε
612 2890 704 2960 καγω
716 2865 841 2951 ταηιστ
853 2894 899 2934 αν
910 2865 1085 2955 διδαξαιμι

110 2986 128 3040 6
215 2961 296 3052 ’έδγά
309 2962 411 3051 γάρ,
396 2990 422 3032 ω
409 2954 553 3050 ἄνδρες
564 2948 731 3032 δικασταὶ
713 2972 937 3051 ,Δημοφωυτι
948 2969 1005 3034 καὶ
1016 2973 1087 3052 Θη-

136 3087 219 3151 ριππ
218 3070 272 3154 ίδη
218 3066 344 3134 ίκαὶ
359 3060 466 3152 τοότφ
484 3064 576 3141 δίκας
586 3067 703 3147 ἔλαχον
715 3061 919 3150 έπιτροπῆς’
900 3084 1087 3151 αποστερη·

134 3160 243 3240 θείς*
224 3164 383 3232 απαντων
392 3186 461 3230 των
472 3185 587 3229 οντων
621 3164 800 3249 γενομένης
811 3164 963 3248 δέμοι
923 3186 982 3248 της
992 3165 1087 3248 δίκης

136 3257 218 3344 πρὸς
234 3266 355 3326 τοῦτον
371 3267 506 3342 πρῶτον
522 3261 667 3340 ἐπέδειξα
677 3269 792 3345 σαφεῖς
802 3275 870 3340 τοῖς
881 3261 1085 3344 δικάζουσιν,

123 3352 247 3440 ὅσπερ
257 3352 336 3442 ὑμίν
347 3358 503 3442 ἐπιδείξω,
514 3354 615 3449 πάνθ’
628 3355 779 3445 όσαὴμίυ
789 3364 991 3446 κατελείφθη
1002 3359 1087 3447 χρή-

135 3478 221 3538 ματα
230 3450 475 3541 ἀπεστερηκότα
484 3459 605 3525 τοῦτον
613 3455 685 3542 μετ’
697 3458 848 3544 ἐκείνων,
864 3453 905 3526 οὐ
916 3471 1087 3538 καταψευ-
