2318 3894
160 231 203 303 74
367 235 438 292 xxl.
479 226 895 291 AHMOZOENOYZ

161 397 222 459 τοῦ
233 398 336 476 χοροῦ
346 370 716 477 μηδὲτούσύματοςτύ
729 400 817 474 χεῖρε
837 386 1002 454 τελευταῖν
1022 385 1105 454 ἀκο-

162 494 300 576 σχέσθαι
310 513 386 575 μου.
430 566 434 573 .

39 671 42 678 Ι
120 603 178 660 λα’
245 592 414 655 Είτοίνυν
423 609 474 662 τις
483 581 596 670 ὑμῶν,
621 577 979 670 όάνδρεςἈθηναίοι,
1000 582 1106 663 ἄλλως

162 710 232 764 πως
249 688 313 769 ἔχει
326 681 388 769 τὴν
405 679 512 768 ἀργὴν
530 683 582 749 ἐπὶ
593 686 739 750 Μειδίαν
755 677 835 768 ἢὼς
851 685 929 750 δέον
938 678 1107 750 αύτδντε-

162 782 306 864 θνάναι,
329 777 392 847 οὐκ
413 776 529 867 ὀρθῶς
550 784 624 864 ἔχει.
658 776 700 846 ού
720 778 784 864 γάρ
806 783 874 846 ἐστι
889 784 1021 847 δίκαιον
1030 775 1106 848 0666

81 933 85 940 .
163 885 334 967 προσῆκον
346 875 408 964 τὴν
418 885 479 944 τοῦ
489 877 659 956 παθόντος
670 875 900 965 εύλάβειαντῷ
909 877 1014 963 μηδὲν
1023 874 1106 944 ὑπο·

71 970 75 977 ’
165 977 364 1065 στειλαμένη)
377 973 460 1062 πρὸς
470 973 694 1063 ύβρινμερίδα
705 981 751 1054 είς
761 983 926 1067 σωτηρίαν
935 973 1106 1064 ὑπάρχειν,

163 1071 249 1142 ἀλλά
266 1071 327 1141 τόν
338 1071 440 1194 666
416 1099 461 1152 ως
478 1071 635 1141 ἀπόντων
651 1082 721 1142 τῶν
731 1072 921 1159 ἀνηκέστων
931 1082 1040 1141 αίτιον
1049 1098 1108 1141 κο-

47 1235 54 1245 .
163 1171 272 1252 λάζειν
288 1171 464 1258 προσήκει,
484 1196 530 1260 τῳ
519 1168 581 1238 δ’
598 1173 652 1243 ,ἐπὶ
669 1179 730 1238 τοῦ
750 1179 890 1258 βοηθεῖν
910 1168 1109 1239 ἀποδιδόναι

121 1291 156 1347 '11
164 1297 226 1358 την
235 1294 340 1357 χαριν
364 1266 493 1337 ουδὲ
453 1295 517 1356 γαρ
529 1259 574 1335 αὖ
590 1274 671 1336 τοῦτ
674 1266 785 1335 ἔστιν
796 1265 963 1353 είπεῑν,
938 1293 984 1346 ως
1000 1265 1110 1355 066⁸-

165 1371 349 1455 γενημένου
370 1367 484 1435 πύποτ
483 1364 648 1444 ὀύδενός
669 1364 772 1434 ἐκ
725 1393 794 1434 των
812 1365 989 1437 τοιούτων
995 1371 1109 1435 δεινοῦ

164 1467 309 1555 τῷλόγῳ
327 1464 364 1533 τὸ
383 1474 494 1550 πρᾶγμ
492 1462 582 1549 '666
599 1470 665 1531 νύν
682 1468 765 1549 αίρω
782 1466 838 1532 καί
853 1463 1107 1552 φοβερόνποιιό.

163 1570 291 1631 πολλοῦ
302 1588 339 1646 γε
350 1564 405 1628 καὶ
415 1566 471 1628 δε
494 1558 565 1629 ἀλλ’
576 1570 685 1628 ίσασιν
696 1560 851 1644 ἅπαντες,
863 1562 938 1629 666
950 1559 1109 1648 μὴ,πολ’-

163 1667 220 1729 λοί
225 1684 274 1745 γε,
285 1657 449 1726 Εὔθυνον
459 1655 520 1724 τόν
530 1658 740 1725 παλαίσαντά
746 1680 808 1726 ποτ
807 1655 964 1744 ’ἐκείνοις
979 1655 1041 1727 τόν
1051 1683 1109 1726 νε-

163 1762 312 1842 ανίσκον,
323 1754 483 1841 Σωφιλον
493 1780 553 1823 του
564 1756 830 1843 παγκρατιαστην
840 1757 987 1842 (ίσχυρος
995 1783 1046 1835 τις
1054 1748 1107 1842 ἦν,
1135 1829 1143 1839 ‚

163 1880 187 1940 μ
189 1857 278 1937 λας,
299 1877 339 1920 ευ
325 1844 455 1920 066⁰
434 1878 487 1920 οτι
502 1853 727 1944 γιγνόσκουσί
741 1879 827 1932 τινες
837 1853 933 1940 ὑμῶν
944 1853 1107 1940 δνλίγω,)

150 1959 283 2019 τούτου
293 1955 329 2019 ἐν
339 1951 445 2040 Σύμη)
462 1955 499 2018 ἐν
509 1959 672 2040 συνουσία
689 1952 754 2019 τινὶ
770 1953 825 2031 καί
837 1953 1044 2040 6aavot66“
999 1977 1108 2032 ουτως

163 2047 289 2137 ίδίηι,“
269 2075 320 2118 οτι
336 2048 471 2118 τύπτων
487 2046 590 2117 αὐτὸν
606 2018 794 2136 666666’'
766 2075 869 2140 μετο,
889 2046 1107 2134 Βἀμυνόμενον

163 2146 269 2226 οὕτως
286 2146 369 2215 ὥστε
389 2148 445 2215 καὶ
462 2144 658 2216 ἀποκτείναι.
688 2155 798 2216 ίσασιν
816 2141 905 2214 Εύαί
890 2151 973 2213 ίωνα
988 2149 1107 2215 πολλοί

162 2245 222 2315 τόν
232 2246 473 2333 Λεωδάμαντος
489 2241 673 2331 ἀδελφόν’
653 2250 893 2313 αποκτείναντα
907 2241 1106 2312 Βοιωτδνάν
1128 2259 1132 2267 ’

120 2349 285 2465 72666666
307 2348 362 2415 καὶ
378 2345 511 2434 συνόδςο
533 2353 632 2464 κοινῇ,
650 2344 705 2410 διά
722 2339 857 2463 666666
861 2347 948 2427 μίαν.
986 2338 1030 2414 06
1039 2339 1104 2432 γὰρ

162 2470 182 2529 η
200 2445 307 2530 πληγη
330 2412 512 2527 παρέστηόε
534 2439 596 2526 την
614 2439 735 2524 όργὴν,
758 2435 857 2506 ἀλλ”
837 2465 858 2524 η
876 2434 1002 2523 ἀτιμία·
1024 2435 1104 2517 οὐδὲ
1133 2454 1137 2461 ’

162 2564 200 2606 το
190 2536 395 2605 τύπτεσθαι
413 2551 482 2614 τοῖς
500 2538 689 2619 ἐλευθέροις
706 2537 773 2603 ἐστὶ
785 2533 912 2620 δεινόν,
934 2530 1106 2620 καίπερόν

162 2634 290 2719 δεινόν,
308 2632 392 2701 ἀλλά
409 2659 447 2701 το
437 2630 509 2717 ί’φ
523 2631 627 2718 ὕβρει.
660 2630 840 2753 πολλὰγὰρ
852 2627 894 2699 ἀν
905 2629 1104 2718 ποιήσειενό
1125 2710 1129 2719 ,

160 2730 311 2816 τύπτων,
332 2756 358 2797 ω
346 2722 490 2813 ’ἀνδρες
505 2722 740 2816 Ἀθηναῖοι,
713 2756 762 2799 ων
777 2727 928 2798 ὁπαθιδν
945 2736 1018 2798 ἔνια
1029 2720 1111 2799 οὐδ’

161 2823 205 2909 ἀν
217 2826 410 2914 ἀπαγγείλαι
422 2825 555 2895 δύναιθ’
570 2829 687 2918 ἑτέρῳ,
705 2836 754 2918 τῷ
770 2828 925 2913 σχήματι,
945 2852 992 2917 τῳ
977 2830 1105 2915 βλέμ-

160 2951 253 3011 ματι,
274 2933 315 3014 τῇ
335 2932 443 3011 φωνῇ,
464 2922 547 2992 ὅταν
567 2922 611 3005 ὡς
632 2923 836 3013 ύβρίζων,“
815 2951 898 2993 οταν
919 2925 963 3005 ὡς
984 2924 1105 3012 ἐχθρὸς

160 3019 330 3109 ύπύρχων,
343 3020 425 3089 ὅταν
436 3020 619 3108 κονδύλοις,
631 3021 712 3092 ὅταν
722 3024 774 3091 ἐπὶ
784 3022 914 3110 κόρρης.
937 3031 1042 3092 ταῦτα
1051 3050 1106 3093 κι-

162 3134 229 3204 νεῖ,
251 3116 340 3186 ταῦτ’
353 3123 514 3205 ἐξίστησιν
524 3116 727 3206 ἀνθρώπους
737 3117 858 3205 αύτν,
878 3117 994 3206 ἀήθεις
1004 3119 1151 3200 όνταςοδί

160 3223 222 3284 τοῦ
233 3222 541 3302 προπηλακίζεσθαι.
573 3216 681 3298 οὐδεὶς
693 3215 746 3304 ἀν,
758 3211 785 3286 6
795 3217 1103 3306 ἀνδρεςἉθηναίοι,

160 3311 248 3381 ταῦτ’
262 3311 476 3400 ἀπαγγέλλων
487 3315 622 3385 δύναιτο
633 3315 671 3384 τὸ
690 3313 1103 3403 δεινόνπαραστησαιτοτς

161 3409 467 3493 ἀκούουσιυούτως
489 3413 533 3496 ὥς
559 3418 612 3484 ἐπὶ
632 3422 690 3502 τῆς
706 3412 863 3500 ἀληθείας
878 3418 1005 3484 καὶτοῦ
1014 3413 1106 3504 πρά-“
