2318 3894
313 233 455 295 ΠΡΟΣ
481 232 775 297 ΛΕΠΤΙΝΗΝ.
1001 229 1022 291 3

72 405 207 499 ποιῆσριι,
228 393 285 461 οὖν
302 398 428 499 ἐποίησε
451 397 564 479 παρέβη
580 420 638 478 γαρ
649 419 701 459 τον
710 389 831 486 θεσμον
869 390 997 497 θεσμος
990 397 1024 460 δέ

72 478 173 546 ἐστι’
127 504 236 584 νομος
244 474 511 564 παρακελευόμενος
527 486 589 552 πῶς
605 482 653 541 δεῖ
667 475 847 580 νομοθετεῖν.
889 473 997 542 έδει
962 504 1036 562 γαρ·

72 559 159 628 αότδυ
175 560 337 647 γροίψαυτα
356 563 473 626 τιθέναι
488 564 655 664 ἔμπροσθεν
671 567 731 625 τοῖν
748 557 911 661 έπωνόμωυ
928 563 1022 625 καίέν

69 647 243 749 νομοθέταις
251 654 412 751 κυρωσοιι
418 650 503 707 τοῦτο
515 639 570 708 οὐκ
564 643 705 746 ἐποίησε.
723 644 790 744 περὶ
802 638 873 706 δέ
843 668 876 706 το
888 651 1020 746 πρβγμα,

69 727 110 793 ότι
120 726 260 811 παρέβη
248 754 264 792 ο
278 728 365 807 νόμος
376 718 459 801 οὗτος
469 722 596 791 παλαιὸν
605 722 698 805 νόμον
706 720 757 789 τὸν
748 721 937 829 λέγουτρι
906 752 957 800 τας
968 732 1020 829 666

70 810 164 915 66666
174 808 286 914 666669
297 809 375 874 εῖναι
375 813 472 912 βεβαί
471 835 519 884 ας·
542 806 715 911 ὑπεναντίος
724 799 779 872 οὖν
789 816 847 872 τῶν
860 807 958 889 νόμων
968 799 1018 872 06-

69 894 119 968 τός
130 892 246 974 έστιν,’
228 919 273 957 οτι
285 891 461 958 κελευόντων
471 888 633 972 ἐκείνων,
623 886 719 965 όσαςδ
732 896 823 973 δῆμος
842 894 950 954 δέδωκε
961 896 1017 954 δω-

69 973 145 1059 ρείις,
157 974 302 1058 κυρίας
273 1003 286 1040 ε
300 1003 364 1056 ναι,
386 965 469 1049 οὗτος
487 970 682 1076 ἀφαιρεῖσθαι
693 969 744 1047 τοῖς
748 976 911 1075 δεδομένας
922 972 1017 1075 βιοίζε-

68 1085 121 1122 ται.
141 1086 183 1122 τω
171 1061 228 1130 δ
239 1063 343 1146 δικαίῳ
356 1053 564 1160 ίρχυρίζεται,’
548 1083 592 1122 οτι
603 1082 638 1120 ου
629 1050 700 1119 ’δεῖ
706 1051 773 1130 τούς
784 1050 962 1138 εόεργέτας’
943 1080 1017 1120 οπο·

69 1151 178 1225 στερεῖν
189 1123 333 1244 δρρεοῖν
344 1167 385 1226 τω
372 1142 429 1203 δὲ
438 1142 616 1245 σρμηέροντι
625 1164 728 1223 τριχως
739 1142 925 1242 ἰσχυρίζεται,
937 1145 1016 1223 προῖ-

68 1249 116 1288 τον
127 1227 196 1305 μὲν,
218 1222 262 1288 ότι
271 1206 447 1328 ἆσόμφορου
456 1220 527 1324 ὑμῖν
537 1220 741 1325 γενησετμι,
725 1217 778 1284 666
789 1217 855 1297 τοὺς
868 1216 1017 1327 εόεργέτας

69 1301 279 1409 ἆμαιρῆσθε
247 1333 302 1389 την
313 1307 441 1405 δωρεοίν
464 1300 561 1369 οὐκέτι
576 1331 634 1388 γαρ
649 1300 804 1405 6A6666v
808 1307 928 1405 πέμψει
944 1302 1016 1409 6666

67 1385 115 1452 τὸν
125 1399 209 1452 σῖτον
219 1391 252 1452 έκ
261 1414 313 1452 του
300 1384 489 1490 Βοσπόρου.
494 1385 645 1489 δεύτερον
657 1383 721 1467 δὲ,”
705 1412 749 1449 οτι
759 1380 1016 1470 ἆσόμφορουδμῖν

68 1473 159 1534 ἔσται
184 1465 328 1535 οόκέτι
293 1498 351 1574 γαρ
368 1465 546 1577 εὐεργετήσει
560 1495 602 1546 τις
613 1464 667 1551 την
685 1433 786 1543 πόλιν,
809 1472 1015 1573 στερουμένους

67 1562 114 1635 της
125 1548 259 1656 666669‘
248 1580 326 1655 ορων
335 1549 403 1627 τοδς
414 1553 528 1629 666669.
550 1557 647 1637 τρίτου
659 1549 728 1632 δὲ’
711 1577 755 1615 οτι
767 1514 928 1634 οῖδοξήσετε.
962 1551 1013 1616 δό-

17 1709 21 1720 .
67 1631 168 1711 ξετε
133 1662 192 1719 γαρ
204 1661 371 1720 αγνωμουες
383 1633 466 1699 εἶναι

32 1774 41 1795 ’
139 1770 271 1835 ’Ἐστιδδ
258 1766 416 1853 6666609·
423 1794 506 1845 ουτος
523 1774 704 1854 δεοτερολογί
702 1770 735 1833 α·
743 1766 1013 1881 δἈιρεφίωνγδιρ

67 1850 102 1930 69
111 1851 304 1939 πρεσβύτερος
316 1849 440 1936 ἔλαβε
410 1879 464 1936 την
477 1858 692 1956 πρωτολ.ογίαυ
718 1848 828 1918 οὐκοῦν
840 1879 856 1917 ο
840 1849 1014 1956 Λεπτίνης

66 1939 322 2040 προηγουμένως
292 1962 333 1999 τω
321 1938 517 2039 συμεμέρουτι
527 1943 638 2040 χρῆτριι,
646 1933 771 2023 666666
764 1931 923 2001 ένσπόυει
935 1947 1011 2000 καθ-

66 2017 179 2083 εστάναι
176 2014 276 2122 τὴν
279 1999 415 2083 πολιν
375 2045 434 2082 των
445 2013 704 2102 λειτουργούντων,
716 2013 849 2122 δεμτέρῳ
859 2020 891 2083 δὲ
908 2045 947 2106 τῳ
937 2024 1012 2083 δί-

67 2099 194 2190 666⁹
176 2127 247 2204 οπερ
258 2097 317 2166 όπδ
328 2109 380 2184 τῆς
391 2099 518 2182 ἰσότιμος
529 2111 697 2202 θεωρεῖται
718 2100 798 2166 ποίνυ
815 2098 888 2186 γδιρ,
911 2085 1011 2206 φησίγ,

68 2167 125 2248 έστί
131 2181 230 2249 δεινὸν
246 2179 329 2259 τιυδις
345 2185 398 2266 μὲν
414 2192 550 2249 πλουτεῖν
560 2179 685 2261 ἆτελείας
696 2186 935 2286 έπειλημμένους,
957 2212 1013 2268 την
1020 2203 1072 2258 455
1097 2242 1098 2253 ,

67 2264 147 2369 6666
158 2269 191 2331 66
201 2268 325 2370 μηδὲ
285 2293 343 2330 των
355 2262 640 2368 λειτουργοίυτων’
611 2276 752 2350 ευπορεῖν
776 2265 968 2368 προβάλλεται
980 2270 1013 2334 δὲ

29 2379 34 2388 ·
68 2343 225 2437 όβητωρΙ
196 2377 236 2414 τω
223 2351 302 2430 ’μέν
312 2355 411 2413 δοκειν
420 2370 475 2451 την
492 2351 669 2456 κατηγρρίαγ
685 2355 737 2410 τοῦ
753 2345 861 2450 νόμρα,
882 2367 1011 2452 συνυπη-

70 2434 161 2495 δόεται
173 2434 205 2496 δὲ
216 2415 267 2495 καὶ
277 2428 483 2507 κατασκευάζει
501 2431 551 2492 καί
562 2423 616 2512 τὴν
627 2426 827 2533 σόστασιντοη
816 2431 996 2493 οίκείου’
960 2458 1009 2536 66·

69 2538 127 2592 μοα.
151 2511 230 2578 ἒν
194 2541 298 2618 γαρ
270 2540 310 2578 τω
297 2519 434 2598 νομίμω
438 2517 594 2615 κεφαλαίω
613 2508 827 2616 κμθίστησιν’
809 2517 1009 2620 6666666666-
1049 2535 1058 2549 '

68 2599 198 2704 σκρονκαί
202 2580 365 2698 ἆυτιτίθΙείς
372 2600 422 2661 καί
429 2575 618 2706 ἆντεξετοίζων
625 2591 879 2698 ἆμφοτέρουςτοὺς
890 2597 1007 2703 νόμους,

31 2708 34 2715 ’
68 2681 112 2781 666
121 2705 153 2743 το
141 2675 387 2763 διόφορονόσου
398 2677 549 2754 δεικνύς.Η
533 2706 584 2742 ινα
582 2678 622 2742 δε
632 2707 672 2781 μη
661 2675 822 2760 ἐξαίφνης
832 2681 906 2762 μηδὲ
915 2707 1006 2766 αναρ

65 2757 170 2864 μόστρτς
180 2764 360 2870 παρέχηται
355 2787 415 2862 τρτυ
430 2757 529 2864 νόμων
539 2756 594 2842 την
604 2761 752 2864 σύστασιν,
770 2763 802 2825 ἐκ
812 2771 922 2827 πολλοῦ
932 2788 1006 2846 παρ-

64 2841 201 2910 εσκεόασε.
230 2844 306 2908 καῖ’
289 2871 310 2926 η
320 2840 420 2929 πρώτη
430 2869 471 2947 γε
473 2839 621 2920 ἀντίθεσις
632 2871 683 2947 τορ
670 2843 822 2948 ’λόγουΙ
793 2870 833 2909 τω
821 2846 897 2927 μέν
908 2851 1008 2910 δοκεῖν

65 2926 116 2988 έοτι
126 2950 208 3010 παρα
195 2922 381 3032 Λεπτίνου,
394 2953 430 3013 τη
417 2921 471 2989 δ’
481 2921 612 3036 αἰληθείιγ
622 2923 704 3032 πρὸς
706 2909 845 3030 6666666
855 2953 907 3031 τωρ
893 2932 1004 2993 οίκεί-

63 3030 93 3070 ου
102 3011 342 3110 συμφέροντοςξ
313 3009 375 3087 έξ’
342 3035 469 3116 ευρηται,
480 3013 530 3073 ἴνα
541 3006 704 3112 φαίνηται
692 3037 707 3075 ο
720 3005 774 3074 ἆντ
775 3006 907 3087 ίδικος
878 3036 930 3075 τον
941 3021 1004 3094 Δη·

60 3093 219 3168 μοσθένους
236 3088 414 3193 είσοίγερν’
377 3117 479 3196 νομον.
515 3088 587 3156 τί
553 3119 610 3176 γαρ
622 3118 637 3157 ο
626 3092 792 3240 ΔημοσθΙέ
791 3119 860 3170 υους
871 3093 1005 3200 βοόλετριι

58 3171 156 3254 νόμος;
183 3169 236 3251 τοῖς
247 3168 403 3284 δΙωρεδς,“
386 3196 482 3249 οσαςο
469 3171 587 3320 Ἰδῆμος
598 3180 697 3257 ἔδωκε,
710 3183 813 3260 κυρίας
824 3175 914 3285 είηαι,
937 3176 1005 3256 τοδς

57 3255 85 3318 66
94 3258 213 3339 ἔχοντας
224 3261 424 3340 κρίνεσθαι,”
407 3254 481 3321 ινέ
445 3303 455 3338 ,
468 3260 556 3361 είμδν
567 3255 652 3339 όίξιοι,
665 3262 782 3366 ἔχωσιν,
800 3263 827 3324 εί
836 3261 868 3324 δὲ
879 3254 1004 3366 ἆηαξίως

56 3337 124 3418 ἔχειν
146 3344 281 3441 δοκοῖεν,
299 3342 479 3422 ἐλεγχθέντες
500 3335 713 3445 66666666666.
747 3339 857 3452 οόκοῦγ
879 3369 966 3419 ουτος
985 3369 1002 3408 ο

52 3417 237 3504 Λεπτίνης
208 3448 263 3486 τον
274 3425 486 3504 Δημοσθένους
501 3422 593 3506 νόμον
617 3422 792 3510 κεκόρωκεν.
819 3429 850 3489 τί
829 3424 936 3543 γοίρς
929 3429 1000 3489 ·αί·
