2318 3894
158 278 221 342 ειε
364 269 460 342 τοοκ
490 260 909 342 Δααοεοῑεαονω

158 447 348 526 νορωθετεῖ,
360 435 431 506 ἀλλ’
445 434 529 523 ὑπὲρ
541 428 590 505 νῦν
601 436 695 505 εἶπον
705 435 839 524 ἀρτίως,
850 447 921 520 πῶς
932 437 974 508 ού
986 443 1115 522 δίκαιός

100 540 225 605 Ιλθέστι
235 546 292 623 τῆς
303 537 439 623 ἐσχάτης
450 542 606 623 τιμωρίας
616 550 742 621 τυχεῖνς
757 535 872 624 οῦγάρ
885 539 925 624 δὴ
938 541 1009 624 ἐρεῖ
1015 552 1054 624 με
1066 539 1137 622 ιδςλ

157 633 236 714 τούς
245 635 418 713 τοιούτους
430 633 473 701 ού
486 637 541 702 καλ
551 635 712 722 ’προσήκει
722 637 776 704 καὶ
787 640 823 704 οί
828 636 928 724 νόμοι
937 639 1116 708 κελεύουσι
1130 666 1133 673 ·

157 746 227 812 ταῖς
237 740 581 820 μεγίσταιςτιμωρίαις
592 735 729 818 ἐνόχους
738 733 836 821 εἶναι,
859 733 933 803 οὐδ’
949 734 993 825 ὡς
1005 729 1111 824 οῦτοι,

70 882 72 891 ,
157 829 299 919 ὑπδριάν
310 829 428 918 εῦρηκε
438 831 497 901 τὸν
507 832 628 918 νόμον,
650 830 757 900 οάκαὶ
767 835 902 900 κλέπται
912 837 966 902 καὶ
977 835 1112 919 ίερόσυ-

48 980 55 994 .
159 940 212 999 λοί
222 936 292 1009 είσι,
301 931 340 998 τά
351 931 412 1017 μὲν
422 930 505 1017 ίερά,
517 929 575 1008 τάς
586 931 723 1007 δεκάτας
733 937 790 1015 τῆς
800 936 886 999 θεοῦ
897 936 952 999 καὶ
961 930 1019 1010 τάς
1028 958 1112 1000 κεν·-

158 1026 318 1116 τηκοστάς
333 1035 402 1096 τῶν
418 1029 529 1098 ἄλλων
540 1036 647 1115 θεων,
671 1027 887 1114 σεσυληκότες
897 1033 952 1099 καὶ
962 1029 1034 1099 ἀντὶ
1044 1040 1110 1098 τοῦ

158 1125 343 1196 ἀκοδοῦναι
353 1126 457 1211 ,αὐτοὶ
478 1133 621 1213 ἔχοντες,
634 1125 674 1194 τά
687 1124 718 1194 δ’
732 1125 822 1211 ὅσια,
839 1124 861 1195 ά
873 1131 1015 1213 ἐγίγνετο
1026 1125 1110 1215 ἀμέ-

114 1229 119 1237 '
157 1251 246 1311 τερα,
257 1226 465 1311 κεκλοφότες.
489 1227 683 1311 διαφέρειδὲ
694 1233 855 1292 τοσοῦτον
866 1224 1110 1314 αύτάνὴίερο-

159 1331 255 1392 συλία
271 1332 338 1392 των
355 1322 525 1410 ἀλλωυ,”
505 1350 556 1392 οτι
571 1349 633 1409 την
649 1321 754 1409 ἀρχὴν
770 1320 886 1390 ούδὲ’
865 1350 1055 1410 ανηνεηκαν
1064 1331 1111 1407 είς

93 1437 144 1493 121
157 1422 218 1511 τὴν
230 1423 430 1509 ἀκρόπολιν,
450 1426 527 1490 δέον
537 1419 667 1501 αύτούς.
701 1420 790 1507 οίμαι
803 1419 888 1489 δὲ
834 1447 890 1543 νη
903 1419 964 1515 τὸν
971 1422 1084 1489 Δία
1049 1450 1109 1491 του

43 1538 47 1545 “
133 1520 348 1608 Ὀλύμπιον,
372 1549 398 1588 ω
386 1514 535 1603 άνδρες
553 1521 718 1605 δικασταί,
742 1517 804 1586 οὐκ
823 1517 886 1587 ἀπδ
900 1522 1109 1617 ταυτομάτου

157 1621 217 1707 την
235 1619 334 1706 υβριυ
344 1622 399 1687 κα
410 1617 471 1705 τὴν
482 1616 714 1703 ὑπερηφανίαν
725 1619 878 1684 ἐπελθεῖν
887 1612 1108 1736 Ἀνδροτίωνι,

158 1715 232 1816 ἀλλ
251 1715 316 1784 ὑπὸ
334 1724 392 1802 τῆς
407 1721 501 1784 θεονι
509 1718 826 1801 ἐπιπεμφθεῖσαν
779 1765 788 1798 ,
810 1712 870 1798 ια’,
895 1713 1007 1800 ὥσπερ
1026 1717 1105 1784 oc
1068 1744 1107 1785 το
1128 1740 1131 1744 ’

158 1811 346 1899 ἀκρωτηρια
364 1839 423 1899 της
439 1820 545 1899 Νίκης
561 1814 797 1899 περικοψάντὲς
818 1811 991 1882 άπάλουτο
1015 1812 1109 1884 αὐτοὶ

158 1908 218 2001 αφ’
236 1907 366 1996 αὑτων,
389 1910 477 1979 ούτω
494 1913 549 1980 καὶ
565 1904 770 1986 οῦτοιεαύτολ
780 1909 892 1992 αὐτοῖς
904 1913 1109 2000 δικαζόμενοι

158 2004 345 2092 ἀπόλοιντο,
354 2007 614 2101 καλτάχρήματα
625 2010 1015 2079 καταθεῖεν-δεκαπλάσια
1025 2009 1108 2081 κατά
1147 2065 1154 2071 .

156 2103 402 2194 τούςνύμουςῆ
414 2113 551 2177 δεθεῖεν.
660 2134 663 2142 ·
1048 2134 1051 2141 ·

95 2216 149 2289 ΙΙλῖ
241 2206 408 2294 Βούλομαι
427 2205 459 2275 δ’
476 2205 573 2294 ὑμῖν,
596 2205 617 2278 δ
634 2207 754 2293 μεταξύ
771 2209 877 2292 λέγων
893 2206 1108 2290 περὶτούτων

158 2305 374 2392 ἐνεθυμήθην
380 2358 389 2392 ,
412 2312 515 2374 εἰπεῖν
532 2309 607 2389 περὶ
618 2299 663 2373 ού
672 2309 801 2374 τέθεικε
812 2305 935 2391 νόμου,
957 2304 1107 2389 παράδο-

158 2405 216 2484 ξόν
226 2432 272 2488 τι,
284 2403 481 2490 θαυμαστὸν
492 2402 615 2491 ἡλίκον.
646 2397 743 2483 οὗτος
753 2402 834 2490 μάρς
847 2395 874 2470 03
886 2400 1005 2521 ἀνδρες
1015 2407 1109 2469 δικα-

157 2503 240 2584 σταλ,
251 2516 318 2579 τοῖς
330 2499 436 2586 μὲν
400 2528 440 2569 τα
452 2505 526 2587 τέλη
539 2501 739 2588 ὠνουμένοις
752 2508 874 2586 ἔγραψε
880 2525 942 2578 τας
953 2507 1109 2585 τιμωρίας

158 2597 257 2681 εἶναι,
282 2603 313 2665 εί
328 2625 372 2685 μη
392 2598 659 2685 καταβάλοιεν
623 2627 662 2667 τα
674 2601 839 2726 χρήματα,
863 2598 946 2666 κατὰ
958 2597 1037 2676 τοὺς
1049 2598 1109 2665 νό-

158 2720 241 2781 μους
250 2721 329 2773 τους
339 2699 545 2781 προτέρους,
559 2701 596 2765 ἐν
609 2693 657 2776 οἷς
668 2701 722 2765 καὶ
733 2725 752 2764 ο
738 2696 883 2784 ’δεσμὸς
895 2694 978 2783 καὶὴ
992 2701 1111 2764 διπλα·

159 2799 213 2860 α
224 2795 404 2880 γέγραπται
416 2793 626 2879 ἀνθρώποις,
638 2821 671 2862 οι
658 2794 735 2862 ’διά
746 2822 782 2862 το
773 2793 995 2882 ζημιοῦσθαι
1006 2796 1058 2862 ἐπὶ
1069 2819 1108 2879 τη

84 2969 88 2982 fl
161 2889 232 2979 ὠνῇ
253 2890 389 2971 άκοντες
409 2897 547 2980 ἔμελλον
567 2920 629 2978 την
650 2894 750 2960 πόλιν
772 2893 963 2981 ἀδικήσειν.
984 2906 1053 2971 τοῖς
1075 2889 1107 2958 δ’

159 2990 417 3079 ὑφαιρουμένοις
433 2992 472 3085 τά
492 3000 550 3078 τῆς
568 2991 694 3070 πόλεως
711 2994 763 3059 καλ
780 2989 1109 3077 ίεροσυλοῦσιτάτῆς

158 3098 244 3157 θεοῦ
262 3089 321 3158 τδν
339 3088 465 3176 δεσμὸν
479 3088 622 3176 ἀφεῖλεν.
656 3095 761 3157 καίτοι
778 3097 808 3158 εί
821 3092 881 3176 μὲν
897 3090 1020 3156 ἐλάττω
1030 3088 1112 3155 τού-

160 3211 237 3261 τους
254 3184 382 3254 ἀδικεῖν
397 3189 535 3254 ἐκείνων
550 3192 683 3271 νομίσαι
701 3187 833 3274 φήσεις,
856 3183 983 3272 ἀνάγκη
996 3192 1112 3272 μαίνε-

160 3288 244 3349 σθαί
255 3302 292 3348 σε
303 3281 492 3369 ὁμολογεῖν,
517 3289 547 3351 εί
557 3287 592 3352 δὲ
601 3291 697 3370 μείζω
707 3290 863 3369 νομίζων,
886 3279 997 3366 ὥσπερ
1009 3287 1109 3368 ἔστιν,
1118 3299 1159 3354 73

160 3373 488 3464 ίκεῖνατάδικηματα
505 3379 583 3460 τούς
600 3382 661 3469 μὲν
683 3380 795 3471 ἀφίης,
816 3380 896 3460 τούς
916 3379 1024 3469 δὲμὴ,
1047 3376 1110 3450 οῦκ

88 3473 91 3479 '
160 3479 223 3569 ἤδη
234 3481 332 3565 δῆλος
342 3475 372 3547 εί
385 3478 559 3563 πεκρακύς
569 3479 605 3552 τδ
617 3488 753 3570 πρᾶγμα
762 3480 906 3560 τούτοιςς
