2318 3894
34 219 39 229 '
151 241 214 305 τοι
334 185 450 331 ’,τιτι
484 235 900 298 Δαωοεοααονε

149 396 299 521 ηγρλτορ
311 401 347 467 δὲ
357 398 487 465 τούτων
498 423 518 462 α
520 405 599 474 λ’τιος
607 393 805 479 Ἀνδροτίων
813 391 922 481 είη,ὁ’ν
931 392 1003 462 οὐδ’
1017 392 1104 482 ὑπὲρ

152 491 257 566 αὐτον
242 500 402 620 δίκηνέ
391 523 411 562 α
400 502 543 580 λαβεῖν
559 491 615 561 τά
617 496 829 578 πεπραγμένα
840 519 895 560 και
885 494 1103 580 βεβιωμένα,

93 603 143 658 166
153 623 196 682 μη
208 593 281 681 τάφ’
296 592 378 675 ὑπὲρ
389 600 447 678 τῆς
459 591 585 669 πολεως
595 589 801 673 είσπραττειν
812 591 984 675 είσφοράς;
996 598 1104 660 καίτοι

152 703 184 762 εί
192 719 241 771 τις
252 689 352 777 ἔροιτ’
367 685 502 774 αάτόνῆ
515 689 567 772 σε,
589 715 615 755 ω
603 682 893 773 Τιμόκρατες,
858 714 918 755 τον
929 692 1154 776 ἐπαινέτηνλολ

50 842 60 851 -
125 807 128 813 “
151 790 280 859 τούτων
296 790 351 855 καὶ
369 786 549 871 συνεργὸν,
571 785 629 864 τάς
644 786 802 871 εἰσφοράς
818 787 960 869 πότερον
970 786 1011 854 τά
1023 789 1102 874 κτή-

151 913 236 973 ματα
255 882 277 971 ἦ
295 884 336 952 τά
353 884 487 969 σώματα
504 881 645 968 ὀφείλει,
667 880 707 950 τά
724 884 872 968 κτήματα
890 882 1026 968 φήσαιτ’
1047 882 1100 970 ἀν,

137 996 243 1070 ,εἴπερ
254 982 364 1070 ἀληθῆ
376 986 485 1066 λέγειν
492 981 689 1067 βούλοισθε·
704 978 769 1048 ἀπὸ
779 980 843 1066 γάρ
851 980 980 1049 τούτων
989 987 1101 1067 είσφέ-

152 1108 262 1168 ρομεν.
294 1089 383 1167 τίνος
400 1073 463 1147 οὖν
480 1077 579 1164 ἕνεκ’,
602 1072 794 1146 οἷκάκιστοι
810 1078 944 1146 πάντων
963 1076 1100 1165 ἀνθρώ·
1129 1105 1136 1115 ·

140 1205 240 1264 -πων,
252 1177 390 1263 ἀφέντες
399 1177 436 1243 τὸ
449 1169 488 1243 τά
499 1183 602 1262 χωρία
614 1176 769 1260 δημεύειν
779 1175 902 1254 καὶτὰς
915 1183 1035 1263 οἰκίας,
1046 1193 1101 1245 καί

150 1277 243 1345 ταῦτ’
256 1277 475 1362 ἀπογράφειν,
487 1279 587 1342 έδείτε
597 1277 653 1341 καὶ
664 1271 809 1361 ὑβρίζετε
820 1282 953 1352 πολίτας
963 1271 1101 1360 ἀνθρά-

152 1402 236 1455 πους
245 1379 300 1444 καὶ
310 1374 388 1453 ’τούς
398 1375 627 1457 ταλαιπώρους
638 1368 825 1459 μετοίκους,
843 1369 1100 1458 οίςὺβριστικιέ-

151 1501 249 1560 τερον
260 1471 353 1560 ὑμεῖς
363 1469 385 1558 ἦ
395 1486 462 1550 τοῖς
473 1476 614 1550 οίκέταις
624 1484 690 1549 τοῖς
701 1469 869 1557 ὑμετέροις
880 1469 992 1540 αὐτοῖν
1005 1475 1101 1556 ἐχρῆ-

14 1640 18 1647 ,
91 1583 139 1639 167
151 1583 232 1654 οδες
243 1573 297 1638 καὶ
307 1568 374 1655 μὴν
384 1576 414 1637 εί
419 1567 561 1638 ἐθέλοιτε
569 1571 757 1647 σκέψασθαι
769 1571 842 1657 παρ’
850 1570 929 1656 ὑμῖν
941 1571 1062 1654 αὐτοῖς,
1075 1561 1101 1636 ά

152 1670 271 1751 ἀνδρες
282 1671 440 1751 δικασταί,
449 1673 483 1733 τί
492 1662 646 1751 δοῦλονῆ
657 1666 837 1749 ἐλεύθερον
846 1665 929 1735 εἶναι
941 1672 1099 1754 διαφέρει,

150 1775 249 1836 τοῦτο
271 1769 424 1850 μέγιστον
445 1760 488 1830 ἀν
510 1763 655 1848 εὕροιτε,
677 1765 729 1833 ὅτι
749 1781 818 1844 τοϊς
834 1770 895 1853 μὲν
911 1767 1044 1844 δούλοις
1062 1766 1098 1832 τό

152 1873 247 1950 σῶμα
258 1871 325 1931 τῶν
335 1861 546 1949 ἀδικημάτων
557 1860 714 1930 ἁπάντων
725 1862 925 1933 ὑπεύθυνόν
936 1868 1020 1951 ἐστι,
1033 1878 1099 1943 τοῖς

152 1961 183 2029 δ’
199 1963 387 2046 ἐλευθέροις
398 1958 542 2029 ὕστατον
552 1969 649 2028 τοῦτο
660 1963 820 2047 προσήκει
830 1964 987 2043 κολάζειν.
1022 1969 1056 2031 οί
1066 1963 1100 2030 66

142 2058 346 2128 τούναντίον
357 2065 403 2137 ἐίς
413 2058 453 2126 τά
463 2056 608 2144 σώμαθ’,
621 2057 732 2144 ὥσπερ
743 2058 975 2144 ἀνδραπόδοις,
988 2062 1100 2146 ἐποιή-

92 2174 251 2235 ιβθσαντο
262 2158 320 2237 τάς
330 2164 493 2244 τιμωρίας,
523 2152 611 2225 οὕτω
623 2155 653 2224 δ’
667 2156 788 2236 ἀνίσως
798 2160 853 2226 καὶ
864 2166 1100 2235 πλεονεκτικῶς

150 2261 223 2343 ἔσχε
240 2256 323 2342 πρὸς
340 2255 426 2342 ὑμᾶς
439 2257 636 2338 Ἀνδροτίων
653 2255 737 2324 ὥστε
754 2255 814 2325 τὸν
830 2259 891 2343 μέν
910 2254 1017 2324 αὑτοῦ
1036 2281 1100 2322 πα-

149 2360 227 2441 τέρα
236 2353 318 2446 ρ’έετο
329 2360 408 2439 δεῖν,
416 2360 556 2440 δημοσία
566 2357 706 2423 δεθέντα
715 2357 766 2423 ἐπὶ
774 2355 1037 2443 ηρημασινέντῷ
1045 2359 1100 2442 δε-

648 2460 661 2473 u
747 2453 755 2473 Ι
890 2456 898 2478 Ι
932 2450 940 2476 5
961 2451 968 2475 7
1069 2462 1081 2474 u

150 2575 216 2632 ναι,
224 2554 320 2616 τωνδ
338 2548 449 2615 ἀλλων
457 2556 602 2616 πολιτῶν
610 2549 670 2618 τὸν
678 2551 721 2636 μη
732 2552 921 2637 δυνάμενον
929 2549 969 2618 τά
979 2555 1100 2619 ἑαυτοῦ

150 2655 262 2712 θεῖναι
272 2655 410 2714 οἴκοθεν
419 2655 465 2725 εἰς
475 2672 511 2714 το
501 2645 748 2734 δεσμωτήριον
760 2646 934 2734 ἀχθέντα
915 2646 970 2734 αφ’
980 2650 1100 2716 ἑαυτοῦ

91 2756 142 2812 169
151 2746 315 2810 δεδέσθαι.
335 2747 390 2812 καὶ
404 2745 607 2831 Τιμοκράτης
617 2772 682 2813 των
693 2747 753 2831 μὲν
764 2745 1001 2868 πολλωνημων
1015 2748 1098 2830 τότε,

138 2864 206 2907 οτε
214 2866 276 2931 την
285 2846 418 2910 διπλασ
404 2849 458 2912 αν
466 2848 683 2928 ειοεπραττεν,
692 2839 792 2909 ουδ’
770 2870 813 2910 αν
822 2843 895 2931 παρ
906 2871 978 2923 ενος
986 2852 1100 2930 λαβεῖν

151 2935 316 3023 ἠθέλησεν
326 2940 499 3028 ἐγγυητάς,
521 2968 565 3026 μη
554 2941 725 3026 μέχρι
686 2966 744 3023 της
760 2942 876 3027 ἐνάτης
891 2950 1099 3028 πρυτανείας,
1150 3024 1152 3030 Ι

152 3033 223 3104 ἀλλ’
237 3033 421 3123 ουδεμιας
402 3043 534 3124 ημερας,
542 3036 608 3104 αλλ
620 3034 803 3122 ἦδιπλά
767 3065 807 3105 τα
816 3067 942 3125 χρηματ
939 3037 1029 3108 ’ἔδει
1039 3067 1101 3107 κα-

148 3130 360 3227 ταβάλλεινη
371 3157 568 3222 παραχρημα
578 3138 746 3203 δεδέσθαι
767 3136 987 3223 παρεδίδονδ’
1001 3131 1101 3215 οὗτος

150 3233 218 3305 τὸίς
229 3230 391 3298 ενδεκα
357 3257 417 3299 τον
427 3255 488 3297 ουκ
500 3229 780 3324 ωφληκόταέντβ
796 3241 1001 3325 δικαστηρίω.
1035 3243 1157 3307 666753

118 3359 123 3370 ·
151 3321 210 3392 δ’
190 3350 279 3404 οπως
288 3353 337 3393 ων
346 3354 388 3393 αν
396 3325 489 3413 υμεϊς
496 3354 684 3416 καταγνωτε
692 3330 803 3401 αδετοι
811 3330 1013 3419 περιίασιν,
995 3358 1102 3400 νπεν-

151 3433 262 3493 θυνον
274 3451 378 3494 αυτον
388 3426 526 3512 ποιησας
536 3453 642 3515 νομον
653 3436 852 3516 εἰσενεγκεῖν
860 3433 1050 3518 ἐτολμησεν
1143 3476 1145 3480 ⁴
