<?xml version="1.0" encoding="UTF-8"?>
<!DOCTYPE html PUBLIC "-//W3C//DTD XHTML 1.0 Transitional//EN"
    "http://www.w3.org/TR/xhtml1/DTD/xhtml1-transitional.dtd">
<html xmlns="http://www.w3.org/1999/xhtml" xml:lang="en" lang="en">
 <head>
  <title>
</title>
<meta http-equiv="Content-Type" content="text/html;charset=utf-8" />
  <meta name='ocr-system' content='tesseract 3.04.00' />
  <meta name='ocr-capabilities' content='ocr_page ocr_carea ocr_par ocr_line ocrx_word'/>
</head>
<body>
  <div class='ocr_page' id='page_1' title='image "./orationesexrece00demogoog_0387.png"; bbox 0 0 2318 3894; ppageno 0'>
   <div class='ocr_carea' id='block_1_1' title="bbox 219 246 1042 320">
    <p class='ocr_par' dir='ltr' id='par_1_1' title="bbox 219 246 1042 320">
     <span class='ocr_line' id='line_1_1' title="bbox 219 246 1042 320; baseline 0.005 -4"><span class='ocrx_word' id='word_1_1' title='bbox 219 246 222 250; x_wconf 39' lang='lat'>⁵</span> <span class='ocrx_word' id='word_1_2' title='bbox 326 255 467 318; x_wconf 86' lang='grc' dir='ltr'><em>ΠΡΟΣ</em></span> <span class='ocrx_word' id='word_1_3' title='bbox 488 256 738 318; x_wconf 84' lang='grc' dir='ltr'><em>ΟΝΗΤΟΡΑ</em></span> <span class='ocrx_word' id='word_1_4' title='bbox 760 259 800 318; x_wconf 87' lang='grc' dir='ltr'><strong><em>Α.</em></strong></span> <span class='ocrx_word' id='word_1_5' title='bbox 980 255 1042 320; x_wconf 79' lang='grc'><strong><em>355</em></strong></span> 
     </span>
    </p>
   </div>
   <div class='ocr_carea' id='block_1_2' title="bbox 10 411 1145 3602">
    <p class='ocr_par' dir='ltr' id='par_1_2' title="bbox 10 411 1043 600">
     <span class='ocr_line' id='line_1_2' title="bbox 94 411 1041 502; baseline -0.001 -18"><span class='ocrx_word' id='word_1_6' title='bbox 94 422 184 484; x_wconf 77' lang='grc' dir='ltr'><strong><em>ἔσται</em></strong></span> <span class='ocrx_word' id='word_1_7' title='bbox 201 415 342 500; x_wconf 79' lang='grc' dir='ltr'><strong><em>χρήστης</em></strong></span> <span class='ocrx_word' id='word_1_8' title='bbox 356 411 479 499; x_wconf 84' lang='grc' dir='ltr'><strong><em>ἀδηλος</em></strong></span> <span class='ocrx_word' id='word_1_9' title='bbox 495 411 553 481; x_wconf 71' lang='grc' dir='ltr'><strong><em>εἴτ’</em></strong></span> <span class='ocrx_word' id='word_1_10' title='bbox 574 411 742 481; x_wconf 84' lang='grc' dir='ltr'><strong><em>ἀποδόσει</em></strong></span> <span class='ocrx_word' id='word_1_11' title='bbox 759 418 892 494; x_wconf 79' lang='grc' dir='ltr'><strong><em>δικαίως</em></strong></span> <span class='ocrx_word' id='word_1_12' title='bbox 910 423 974 483; x_wconf 77' lang='grc' dir='ltr'><strong><em>εἶτε</em></strong></span> <span class='ocrx_word' id='word_1_13' title='bbox 985 414 1041 502; x_wconf 80' lang='grc' dir='ltr'><strong><em>μή,</em></strong></span> 
     </span>
     <span class='ocr_line' id='line_1_3' title="bbox 10 507 1043 600; baseline -0.001 -20"><span class='ocrx_word' id='word_1_14' title='bbox 10 560 13 564; x_wconf 62' lang='lat'><em>›</em></span> <span class='ocrx_word' id='word_1_15' title='bbox 94 539 174 600; x_wconf 88' lang='grc' dir='ltr'><strong><em>μετα</em></strong></span> <span class='ocrx_word' id='word_1_16' title='bbox 163 511 271 581; x_wconf 79' lang='grc' dir='ltr'><strong><em>δὲ</em></strong></span> <span class='ocrx_word' id='word_1_17' title='bbox 232 539 290 598; x_wconf 81' lang='grc' dir='ltr'><strong><em>της</em></strong></span> <span class='ocrx_word' id='word_1_18' title='bbox 300 509 460 594; x_wconf 86' lang='grc' dir='ltr'><strong><em>γυναικός</em></strong></span> <span class='ocrx_word' id='word_1_19' title='bbox 471 507 565 578; x_wconf 90' lang='grc' dir='ltr'><strong><em>τάκεί</em></strong></span> <span class='ocrx_word' id='word_1_20' title='bbox 563 507 622 596; x_wconf 81' lang='grc' dir='ltr'><strong><em>νής</em></strong></span> <span class='ocrx_word' id='word_1_21' title='bbox 632 507 823 597; x_wconf 78' lang='grc' dir='ltr'><strong><em>ἀποδοήςοί</em></strong></span> <span class='ocrx_word' id='word_1_22' title='bbox 821 525 908 590; x_wconf 80' lang='grc' dir='ltr'><strong><em>κείος</em></strong></span> <span class='ocrx_word' id='word_1_23' title='bbox 917 515 971 579; x_wconf 81' lang='grc' dir='ltr'><strong><em>καὶ</em></strong></span> <span class='ocrx_word' id='word_1_24' title='bbox 981 538 1043 598; x_wconf 84' lang='grc' dir='ltr'><strong><em>κη-</em></strong></span> 
     </span>
    </p>

    <p class='ocr_par' dir='ltr' id='par_1_3' title="bbox 54 605 1042 892">
     <span class='ocr_line' id='line_1_4' title="bbox 54 605 1042 731; baseline 0.002 -56"><span class='ocrx_word' id='word_1_25' title='bbox 54 624 85 676; x_wconf 83' lang='grc'><strong><em>13</em></strong></span> <span class='ocrx_word' id='word_1_26' title='bbox 95 609 222 731; x_wconf 84' lang='grc' dir='ltr'><strong><em>δεστής·</em></strong></span> <span class='ocrx_word' id='word_1_27' title='bbox 245 613 282 676; x_wconf 81' lang='grc' dir='ltr'><strong><em>ἐν</em></strong></span> <span class='ocrx_word' id='word_1_28' title='bbox 294 605 487 698; x_wconf 76' lang='grc' dir='ltr'><strong><em>οάδεμιᾷ’</em></strong></span> <span class='ocrx_word' id='word_1_29' title='bbox 442 635 506 694; x_wconf 88' lang='grc' dir='ltr'><strong><em>γαρ</em></strong></span> <span class='ocrx_word' id='word_1_30' title='bbox 524 605 640 676; x_wconf 71' lang='grc' dir='ltr'><strong><em>ἐστιν’</em></strong></span> <span class='ocrx_word' id='word_1_31' title='bbox 623 616 740 697; x_wconf 83' lang='grc' dir='ltr'><strong><em>υποτγί</em></strong></span> <span class='ocrx_word' id='word_1_32' title='bbox 728 636 749 675; x_wconf 89' lang='grc' dir='ltr'><strong><em>α</em></strong></span> <span class='ocrx_word' id='word_1_33' title='bbox 760 637 800 676; x_wconf 89' lang='grc' dir='ltr'><strong><em>τα</em></strong></span> <span class='ocrx_word' id='word_1_34' title='bbox 788 609 920 678; x_wconf 89' lang='grc' dir='ltr'><strong><em>δίκαια</em></strong></span> <span class='ocrx_word' id='word_1_35' title='bbox 932 610 1042 679; x_wconf 86' lang='grc' dir='ltr'><strong><em>πάυτα</em></strong></span> 
     </span>
     <span class='ocr_line' id='line_1_5' title="bbox 94 704 1041 795; baseline 0 -20"><span class='ocrx_word' id='word_1_36' title='bbox 94 709 241 795; x_wconf 81' lang='grc' dir='ltr'><strong><em>ποιήσας.</em></strong></span> <span class='ocrx_word' id='word_1_37' title='bbox 260 704 346 775; x_wconf 76' lang='grc' dir='ltr'><strong><em>ὥσθ’</em></strong></span> <span class='ocrx_word' id='word_1_38' title='bbox 361 706 449 775; x_wconf 82' lang='grc' dir='ltr'><strong><em>οὕτω</em></strong></span> <span class='ocrx_word' id='word_1_39' title='bbox 462 714 523 775; x_wconf 83' lang='grc' dir='ltr'><strong><em>τοῦ</em></strong></span> <span class='ocrx_word' id='word_1_40' title='bbox 534 707 724 793; x_wconf 87' lang='grc' dir='ltr'><strong><em>πράγματος</em></strong></span> <span class='ocrx_word' id='word_1_41' title='bbox 736 713 882 794; x_wconf 74' lang='grc' dir='ltr'><strong><em>ἔχοντος,</em></strong></span> <span class='ocrx_word' id='word_1_42' title='bbox 897 710 952 777; x_wconf 81' lang='grc' dir='ltr'><strong><em>καὶ</em></strong></span> <span class='ocrx_word' id='word_1_43' title='bbox 964 707 1041 775; x_wconf 76' lang='grc' dir='ltr'><strong><em>τού·</em></strong></span> 
     </span>
     <span class='ocr_line' id='line_1_6' title="bbox 92 797 1041 892; baseline 0.002 -19"><span class='ocrx_word' id='word_1_44' title='bbox 92 803 249 873; x_wconf 81' lang='grc' dir='ltr'><strong><em>τωνούδὲ</em></strong></span> <span class='ocrx_word' id='word_1_45' title='bbox 260 802 338 871; x_wconf 87' lang='grc' dir='ltr'><strong><em>καθ’</em></strong></span> <span class='ocrx_word' id='word_1_46' title='bbox 356 797 439 872; x_wconf 76' lang='grc' dir='ltr'><strong><em>ἓν</em></strong></span> <span class='ocrx_word' id='word_1_47' title='bbox 411 831 459 871; x_wconf 82' lang='grc' dir='ltr'><strong><em>ων</em></strong></span> <span class='ocrx_word' id='word_1_48' title='bbox 479 803 571 872; x_wconf 81' lang='grc' dir='ltr'><strong><em>εἷπον</em></strong></span> <span class='ocrx_word' id='word_1_49' title='bbox 588 803 734 890; x_wconf 79' lang='grc' dir='ltr'><strong><em>ὀφείλειν</em></strong></span> <span class='ocrx_word' id='word_1_50' title='bbox 751 804 1041 892; x_wconf 82' lang='grc' dir='ltr'><strong><em>ἀναγκασθέντων,</em></strong></span> 
     </span>
    </p>

    <p class='ocr_par' dir='ltr' id='par_1_4' title="bbox 34 896 1043 1187">
     <span class='ocr_line' id='line_1_7' title="bbox 34 896 1042 991; baseline 0.001 -21"><span class='ocrx_word' id='word_1_51' title='bbox 34 896 40 907; x_wconf 52' lang='grc'><strong>“</strong></span> <span class='ocrx_word' id='word_1_52' title='bbox 94 902 171 972; x_wconf 74' lang='grc' dir='ltr'><strong><em>ούδὲ</em></strong></span> <span class='ocrx_word' id='word_1_53' title='bbox 184 898 459 990; x_wconf 67' lang='grc' dir='ltr'><strong><em>βουληθέντων”</em></strong></span> <span class='ocrx_word' id='word_1_54' title='bbox 437 931 497 989; x_wconf 88' lang='grc' dir='ltr'><strong><em>αν,</em></strong></span> <span class='ocrx_word' id='word_1_55' title='bbox 512 901 575 971; x_wconf 83' lang='grc' dir='ltr'><strong><em>οὐκ</em></strong></span> <span class='ocrx_word' id='word_1_56' title='bbox 592 901 653 970; x_wconf 79' lang='grc' dir='ltr'><strong><em>ἔστ’</em></strong></span> <span class='ocrx_word' id='word_1_57' title='bbox 668 911 770 972; x_wconf 79' lang='grc' dir='ltr'><strong><em>εἰπεῖν</em></strong></span> <span class='ocrx_word' id='word_1_58' title='bbox 787 905 891 991; x_wconf 81' lang='grc' dir='ltr'><strong><em>ἀλλην</em></strong></span> <span class='ocrx_word' id='word_1_59' title='bbox 908 904 1042 991; x_wconf 82' lang='grc' dir='ltr'><strong><em>πρόφα-</em></strong></span> 
     </span>
     <span class='ocr_line' id='line_1_8' title="bbox 95 997 1043 1088; baseline 0.002 -21"><span class='ocrx_word' id='word_1_60' title='bbox 95 1021 149 1068; x_wconf 94' lang='grc' dir='ltr'><strong><em>σιν</em></strong></span> <span class='ocrx_word' id='word_1_61' title='bbox 160 1000 198 1069; x_wconf 86' lang='grc' dir='ltr'><strong><em>δι’</em></strong></span> <span class='ocrx_word' id='word_1_62' title='bbox 210 1000 253 1088; x_wconf 84' lang='grc' dir='ltr'><strong><em>ήν</em></strong></span> <span class='ocrx_word' id='word_1_63' title='bbox 265 999 327 1070; x_wconf 83' lang='grc' dir='ltr'><strong><em>οὐκ</em></strong></span> <span class='ocrx_word' id='word_1_64' title='bbox 338 1000 514 1085; x_wconf 74' lang='grc' dir='ltr'><strong><em>ἀπέδοσαν,</em></strong></span> <span class='ocrx_word' id='word_1_65' title='bbox 526 999 598 1068; x_wconf 89' lang='grc' dir='ltr'><strong><em>ἀλλ’</em></strong></span> <span class='ocrx_word' id='word_1_66' title='bbox 612 997 740 1088; x_wconf 86' lang='grc' dir='ltr'><strong><em>ἀνάγκή</em></strong></span> <span class='ocrx_word' id='word_1_67' title='bbox 752 1002 876 1088; x_wconf 77' lang='grc' dir='ltr'><strong><em>ταύτην</em></strong></span> <span class='ocrx_word' id='word_1_68' title='bbox 887 1000 1043 1088; x_wconf 78' lang='grc' dir='ltr'><strong><em>εἶναιτὴν</em></strong></span> 
     </span>
     <span class='ocr_line' id='line_1_9' title="bbox 95 1097 956 1187; baseline 0 -20"><span class='ocrx_word' id='word_1_69' title='bbox 95 1107 217 1185; x_wconf 90' lang='grc' dir='ltr'><strong><em>οιίτίαν,</em></strong></span> <span class='ocrx_word' id='word_1_70' title='bbox 240 1099 283 1168; x_wconf 90' lang='grc' dir='ltr'><strong><em>δι’</em></strong></span> <span class='ocrx_word' id='word_1_71' title='bbox 298 1097 341 1186; x_wconf 79' lang='grc' dir='ltr'><strong><em>ἣν</em></strong></span> <span class='ocrx_word' id='word_1_72' title='bbox 353 1106 471 1169; x_wconf 87' lang='grc' dir='ltr'><strong><em>δοῦναι</em></strong></span> <span class='ocrx_word' id='word_1_73' title='bbox 481 1099 543 1186; x_wconf 90' lang='grc' dir='ltr'><strong><em>τήν</em></strong></span> <span class='ocrx_word' id='word_1_74' title='bbox 554 1098 664 1187; x_wconf 79' lang='grc' dir='ltr'><strong><em>προῖκ’</em></strong></span> <span class='ocrx_word' id='word_1_75' title='bbox 680 1098 742 1168; x_wconf 89' lang='grc' dir='ltr'><strong><em>ούκ</em></strong></span> <span class='ocrx_word' id='word_1_76' title='bbox 754 1103 956 1183; x_wconf 68' lang='grc' dir='ltr'><strong><em>ἐπίστευσας).</em></strong></span> 
     </span>
    </p>

    <p class='ocr_par' dir='ltr' id='par_1_5' title="bbox 51 1197 1055 1778">
     <span class='ocr_line' id='line_1_10' title="bbox 51 1197 1043 1286; baseline 0.003 -21"><span class='ocrx_word' id='word_1_77' title='bbox 51 1214 86 1266; x_wconf 77' lang='grc'><strong><em>14</em></strong></span> <span class='ocrx_word' id='word_1_78' title='bbox 175 1197 255 1284; x_wconf 76' lang='grc' dir='ltr'><strong><em>Ἐγώ</em></strong></span> <span class='ocrx_word' id='word_1_79' title='bbox 273 1206 389 1266; x_wconf 83' lang='grc' dir='ltr'><strong><em>τοίνυν</em></strong></span> <span class='ocrx_word' id='word_1_80' title='bbox 411 1197 684 1285; x_wconf 80' lang='grc' dir='ltr'><strong><em>ὁμολογουμένως</em></strong></span> <span class='ocrx_word' id='word_1_81' title='bbox 705 1197 793 1267; x_wconf 78' lang='grc' dir='ltr'><strong><em>οὕτω</em></strong></span> <span class='ocrx_word' id='word_1_82' title='bbox 810 1200 905 1267; x_wconf 74' lang='grc' dir='ltr'><strong><em>ταῦτ’</em></strong></span> <span class='ocrx_word' id='word_1_83' title='bbox 917 1204 1043 1286; x_wconf 79' lang='grc' dir='ltr'><strong><em>ἐξελέγ-</em></strong></span> 
     </span>
     <span class='ocr_line' id='line_1_11' title="bbox 95 1295 1044 1387; baseline 0.002 -23"><span class='ocrx_word' id='word_1_84' title='bbox 95 1323 178 1382; x_wconf 78' lang='grc' dir='ltr'><strong><em>χων,</em></strong></span> <span class='ocrx_word' id='word_1_85' title='bbox 192 1295 236 1375; x_wconf 76' lang='grc' dir='ltr'><strong><em>ὡς</em></strong></span> <span class='ocrx_word' id='word_1_86' title='bbox 248 1295 322 1364; x_wconf 81' lang='grc' dir='ltr'><strong><em>οὐδ’</em></strong></span> <span class='ocrx_word' id='word_1_87' title='bbox 336 1297 478 1379; x_wconf 79' lang='grc' dir='ltr'><strong><em>ὕστερον</em></strong></span> <span class='ocrx_word' id='word_1_88' title='bbox 491 1295 674 1382; x_wconf 75' lang='grc' dir='ltr'><strong><em>ἀπέδοσαν,</em></strong></span> <span class='ocrx_word' id='word_1_89' title='bbox 689 1296 780 1382; x_wconf 78' lang='grc' dir='ltr'><strong><em>οἶμαι</em></strong></span> <span class='ocrx_word' id='word_1_90' title='bbox 791 1300 911 1387; x_wconf 75' lang='grc' dir='ltr'><strong><em>ῥᾳδίας</em></strong></span> <span class='ocrx_word' id='word_1_91' title='bbox 922 1300 1044 1366; x_wconf 80' lang='grc' dir='ltr'><strong><em>ἐπιδεί-</em></strong></span> 
     </span>
     <span class='ocr_line' id='line_1_12' title="bbox 100 1389 1055 1562; baseline -0.002 -99"><span class='ocrx_word' id='word_1_92' title='bbox 100 1400 169 1475; x_wconf 82' lang='grc' dir='ltr'><strong><em>ξειν</em></strong></span> <span class='ocrx_word' id='word_1_93' title='bbox 180 1399 212 1475; x_wconf 82' lang='grc' dir='ltr'><strong><em>ἐξ</em></strong></span> <span class='ocrx_word' id='word_1_94' title='bbox 226 1395 417 1464; x_wconf 78' lang='grc' dir='ltr'><strong><em>αὐτῶντῶν</em></strong></span> <span class='ocrx_word' id='word_1_95' title='bbox 428 1400 685 1562; x_wconf 78' lang='grc' dir='ltr'><strong><em>πεπραγμένωγ,</em></strong></span> <span class='ocrx_word' id='word_1_96' title='bbox 699 1394 785 1462; x_wconf 77' lang='grc' dir='ltr'><strong><em>ὥσθ’</em></strong></span> <span class='ocrx_word' id='word_1_97' title='bbox 797 1393 878 1481; x_wconf 75' lang='grc' dir='ltr'><strong><em>ὑμῖν</em></strong></span> <span class='ocrx_word' id='word_1_98' title='bbox 887 1389 1055 1480; x_wconf 78' lang='grc' dir='ltr'><strong><em>γενέσθαι</em></strong></span> 
     </span>
     <span class='ocr_line' id='line_1_13' title="bbox 96 1491 1042 1616; baseline 0 -56"><span class='ocrx_word' id='word_1_99' title='bbox 96 1521 245 1579; x_wconf 86' lang='grc' dir='ltr'><strong><em>φανερον</em></strong></span> <span class='ocrx_word' id='word_1_100' title='bbox 257 1522 323 1578; x_wconf 91' lang='grc' dir='ltr'><strong><em>οτι,</em></strong></span> <span class='ocrx_word' id='word_1_101' title='bbox 346 1521 412 1562; x_wconf 92' lang='grc' dir='ltr'><strong><em>καν</em></strong></span> <span class='ocrx_word' id='word_1_102' title='bbox 430 1501 493 1581; x_wconf 81' lang='grc' dir='ltr'><strong><em>ε</em></strong></span> <span class='ocrx_word' id='word_1_103' title='bbox 470 1522 515 1581; x_wconf 91' lang='lat'><strong><em>6</em></strong></span> <span class='ocrx_word' id='word_1_104' title='bbox 505 1492 587 1563; x_wconf 81' lang='grc' dir='ltr'><strong><em>ἐπι</em></strong></span> <span class='ocrx_word' id='word_1_105' title='bbox 599 1521 742 1578; x_wconf 80' lang='grc' dir='ltr'><strong><em>τούτοις,</em></strong></span> <span class='ocrx_word' id='word_1_106' title='bbox 767 1491 839 1616; x_wconf 75' lang='grc' dir='ltr'><strong><em>ἀλλ’</em></strong></span> <span class='ocrx_word' id='word_1_107' title='bbox 857 1496 910 1562; x_wconf 79' lang='grc' dir='ltr'><strong><em>ἐπὶ</em></strong></span> <span class='ocrx_word' id='word_1_108' title='bbox 931 1521 976 1584; x_wconf 79' lang='grc' dir='ltr'><strong><em>τρι</em></strong></span> <span class='ocrx_word' id='word_1_109' title='bbox 962 1491 1042 1560; x_wconf 88' lang='grc' dir='ltr'><strong><em>διά</em></strong></span> 
     </span>
     <span class='ocr_line' id='line_1_14' title="bbox 81 1590 1044 1713; baseline -0.001 -53.985"><span class='ocrx_word' id='word_1_110' title='bbox 81 1595 220 1678; x_wconf 80' lang='grc' dir='ltr'><strong><em>ταχέων</em></strong></span> <span class='ocrx_word' id='word_1_111' title='bbox 234 1590 470 1660; x_wconf 81' lang='grc' dir='ltr'><strong><em>ἀποδοῦναι’</em></strong></span> <span class='ocrx_word' id='word_1_112' title='bbox 431 1593 614 1679; x_wconf 91' lang='grc' dir='ltr'><strong><em>ταργύριον</em></strong></span> <span class='ocrx_word' id='word_1_113' title='bbox 626 1591 735 1713; x_wconf 82' lang='grc' dir='ltr'><strong><em>ειχου,</em></strong></span> <span class='ocrx_word' id='word_1_114' title='bbox 746 1590 807 1660; x_wconf 88' lang='grc' dir='ltr'><strong><em>ούκ</em></strong></span> <span class='ocrx_word' id='word_1_115' title='bbox 819 1591 863 1660; x_wconf 85' lang='grc' dir='ltr'><strong><em>ἀν</em></strong></span> <span class='ocrx_word' id='word_1_116' title='bbox 875 1616 937 1659; x_wconf 87' lang='grc' dir='ltr'><strong><em>ποτ</em></strong></span> <span class='ocrx_word' id='word_1_117' title='bbox 942 1590 1044 1658; x_wconf 78' lang='grc' dir='ltr'><strong><em>’ἀπί-</em></strong></span> 
     </span>
     <span class='ocr_line' id='line_1_15' title="bbox 95 1686 1044 1778; baseline 0 -22"><span class='ocrx_word' id='word_1_118' title='bbox 95 1696 198 1758; x_wconf 90' lang='grc' dir='ltr'><strong><em>δοσαν</em></strong></span> <span class='ocrx_word' id='word_1_119' title='bbox 208 1687 323 1760; x_wconf 92' lang='grc' dir='ltr'><strong><em>ουδ</em></strong></span> <span class='ocrx_word' id='word_1_120' title='bbox 301 1718 345 1758; x_wconf 91' lang='grc' dir='ltr'><strong><em>αν</em></strong></span> <span class='ocrx_word' id='word_1_121' title='bbox 355 1706 525 1778; x_wconf 85' lang='grc' dir='ltr'><strong><em>προειντο</em></strong></span> <span class='ocrx_word' id='word_1_122' title='bbox 548 1690 701 1770; x_wconf 81' lang='grc' dir='ltr'><strong><em>τοιαύτας</em></strong></span> <span class='ocrx_word' id='word_1_123' title='bbox 716 1689 862 1777; x_wconf 89' lang='grc' dir='ltr'><strong><em>ἀυάγκας</em></strong></span> <span class='ocrx_word' id='word_1_124' title='bbox 880 1686 1021 1775; x_wconf 77' lang='grc' dir='ltr'><strong><em>είχεν’</em></strong></span> <span class='ocrx_word' id='word_1_125' title='bbox 980 1715 1044 1757; x_wconf 89' lang='grc' dir='ltr'><strong><em>αν-</em></strong></span> 
     </span>
    </p>

    <p class='ocr_par' dir='ltr' id='par_1_6' title="bbox 56 1785 1145 2264">
     <span class='ocr_line' id='line_1_16' title="bbox 56 1785 1044 1875; baseline -0.005 -16"><span class='ocrx_word' id='word_1_126' title='bbox 56 1809 87 1858; x_wconf 82' lang='lat'><strong><em>15</em></strong></span> <span class='ocrx_word' id='word_1_127' title='bbox 95 1802 162 1865; x_wconf 94' lang='grc' dir='ltr'><strong><em>τοις</em></strong></span> <span class='ocrx_word' id='word_1_128' title='bbox 175 1786 212 1853; x_wconf 85' lang='grc' dir='ltr'><strong><em>τό</em></strong></span> <span class='ocrx_word' id='word_1_129' title='bbox 225 1796 369 1873; x_wconf 79' lang='grc' dir='ltr'><strong><em>πρᾶγμα.</em></strong></span> <span class='ocrx_word' id='word_1_130' title='bbox 391 1789 504 1856; x_wconf 86' lang='lat'><strong><em>660</em></strong></span> <span class='ocrx_word' id='word_1_131' title='bbox 470 1816 531 1875; x_wconf 83' lang='grc' dir='ltr'><strong><em>μεν</em></strong></span> <span class='ocrx_word' id='word_1_132' title='bbox 546 1788 610 1874; x_wconf 89' lang='grc' dir='ltr'><strong><em>γάρ</em></strong></span> <span class='ocrx_word' id='word_1_133' title='bbox 622 1791 712 1856; x_wconf 79' lang='grc' dir='ltr'><strong><em>ἐστιν</em></strong></span> <span class='ocrx_word' id='word_1_134' title='bbox 728 1794 781 1874; x_wconf 80' lang='grc' dir='ltr'><strong><em>ἒτή</em></strong></span> <span class='ocrx_word' id='word_1_135' title='bbox 793 1815 832 1854; x_wconf 88' lang='grc' dir='ltr'><strong><em>τα</em></strong></span> <span class='ocrx_word' id='word_1_136' title='bbox 822 1785 966 1873; x_wconf 82' lang='grc' dir='ltr'><strong><em>μεταξύ</em></strong></span> <span class='ocrx_word' id='word_1_137' title='bbox 983 1793 1044 1855; x_wconf 88' lang='grc' dir='ltr'><strong><em>τού</em></strong></span> 
     </span>
     <span class='ocr_line' id='line_1_17' title="bbox 98 1883 1145 1972; baseline 0.004 -22"><span class='ocrx_word' id='word_1_138' title='bbox 98 1891 295 1969; x_wconf 83' lang='grc' dir='ltr'><strong><em>συνοικῆσαί</em></strong></span> <span class='ocrx_word' id='word_1_139' title='bbox 309 1911 343 1950; x_wconf 88' lang='grc' dir='ltr'><strong><em>τε</em></strong></span> <span class='ocrx_word' id='word_1_140' title='bbox 360 1883 423 1971; x_wconf 90' lang='grc' dir='ltr'><strong><em>τήν</em></strong></span> <span class='ocrx_word' id='word_1_141' title='bbox 435 1899 577 1970; x_wconf 90' lang='grc' dir='ltr'><strong><em>γυναικα</em></strong></span> <span class='ocrx_word' id='word_1_142' title='bbox 593 1889 647 1953; x_wconf 80' lang='grc' dir='ltr'><strong><em>καὶ</em></strong></span> <span class='ocrx_word' id='word_1_143' title='bbox 661 1894 765 1972; x_wconf 86' lang='grc' dir='ltr'><strong><em>φήσαι</em></strong></span> <span class='ocrx_word' id='word_1_144' title='bbox 776 1885 915 1966; x_wconf 81' lang='grc' dir='ltr'><strong><em>τούτους</em></strong></span> <span class='ocrx_word' id='word_1_145' title='bbox 928 1910 1045 1954; x_wconf 82' lang='grc' dir='ltr'><strong><em>πεποι-</em></strong></span> <span class='ocrx_word' id='word_1_146' title='bbox 1139 1901 1145 1913; x_wconf 89' lang='grc'><em>·</em></span> 
     </span>
     <span class='ocr_line' id='line_1_18' title="bbox 94 1978 1105 2072; baseline 0.006 -23"><span class='ocrx_word' id='word_1_147' title='bbox 94 1989 198 2067; x_wconf 85' lang='grc' dir='ltr'><strong><em>ήσθαι</em></strong></span> <span class='ocrx_word' id='word_1_148' title='bbox 209 1979 271 2067; x_wconf 85' lang='grc' dir='ltr'><strong><em>τήν</em></strong></span> <span class='ocrx_word' id='word_1_149' title='bbox 282 1978 470 2061; x_wconf 75' lang='grc' dir='ltr'><strong><em>ἀπόλειψιν·</em></strong></span> <span class='ocrx_word' id='word_1_150' title='bbox 487 1982 628 2067; x_wconf 83' lang='grc' dir='ltr'><strong><em>ἐγήματο</em></strong></span> <span class='ocrx_word' id='word_1_151' title='bbox 641 1987 701 2067; x_wconf 79' lang='grc' dir='ltr'><strong><em>μὲν</em></strong></span> <span class='ocrx_word' id='word_1_152' title='bbox 711 1984 775 2066; x_wconf 88' lang='grc' dir='ltr'><strong><em>γάρ</em></strong></span> <span class='ocrx_word' id='word_1_153' title='bbox 787 1985 839 2050; x_wconf 83' lang='grc' dir='ltr'><strong><em>ἐπὶ</em></strong></span> <span class='ocrx_word' id='word_1_154' title='bbox 849 1986 1045 2072; x_wconf 77' lang='grc' dir='ltr'><strong><em>Πολυζήλου</em></strong></span> <span class='ocrx_word' id='word_1_155' title='bbox 1053 2000 1105 2057; x_wconf 85' lang='grc'><strong><em>868</em></strong></span> 
     </span>
     <span class='ocr_line' id='line_1_19' title="bbox 95 2077 1042 2166; baseline 0.001 -19"><span class='ocrx_word' id='word_1_156' title='bbox 95 2079 254 2166; x_wconf 84' lang='grc' dir='ltr'><strong><em>ἀρχοντος</em></strong></span> <span class='ocrx_word' id='word_1_157' title='bbox 265 2077 650 2166; x_wconf 75' lang='grc' dir='ltr'><strong><em>σκιροφοριῶνοςμήνός,</em></strong></span> <span class='ocrx_word' id='word_1_158' title='bbox 662 2077 682 2166; x_wconf 89' lang='grc' dir='ltr'><strong><em>ή</em></strong></span> <span class='ocrx_word' id='word_1_159' title='bbox 695 2077 721 2146; x_wconf 77' lang='grc' dir='ltr'><strong><em>δ’</em></strong></span> <span class='ocrx_word' id='word_1_160' title='bbox 731 2078 905 2162; x_wconf 80' lang='grc' dir='ltr'><strong><em>ἀπόλειψις</em></strong></span> <span class='ocrx_word' id='word_1_161' title='bbox 915 2083 1042 2166; x_wconf 77' lang='grc' dir='ltr'><strong><em>ἑγράφή</em></strong></span> 
     </span>
     <span class='ocr_line' id='line_1_20' title="bbox 96 2168 1044 2264; baseline 0.001 -20"><span class='ocrx_word' id='word_1_162' title='bbox 96 2168 314 2255; x_wconf 60' lang='grc' dir='ltr'><strong><em>ποσειδδύνος</em></strong></span> <span class='ocrx_word' id='word_1_163' title='bbox 331 2177 435 2264; x_wconf 84' lang='grc' dir='ltr'><strong><em>μηνός</em></strong></span> <span class='ocrx_word' id='word_1_164' title='bbox 452 2180 505 2245; x_wconf 74' lang='grc' dir='ltr'><strong><em>’ἐπὶ</em></strong></span> <span class='ocrx_word' id='word_1_165' title='bbox 521 2179 761 2263; x_wconf 76' lang='grc' dir='ltr'><strong><em>Τιμοκράτους·</em></strong></span> <span class='ocrx_word' id='word_1_166' title='bbox 785 2178 847 2264; x_wconf 72' lang='grc' dir='ltr'><strong><em>ἐγώ</em></strong></span> <span class='ocrx_word' id='word_1_167' title='bbox 860 2177 896 2245; x_wconf 80' lang='grc' dir='ltr'><strong><em>’δ’</em></strong></span> <span class='ocrx_word' id='word_1_168' title='bbox 911 2177 1044 2258; x_wconf 78' lang='grc' dir='ltr'><strong><em>εὐθέως</em></strong></span> 
     </span>
    </p>

    <p class='ocr_par' dir='ltr' id='par_1_7' title="bbox 61 2270 1044 2461">
     <span class='ocr_line' id='line_1_21' title="bbox 61 2270 1044 2393; baseline 0.006 -55"><span class='ocrx_word' id='word_1_169' title='bbox 61 2360 65 2369; x_wconf 33' lang='grc' dir='ltr'>Ι</span> <span class='ocrx_word' id='word_1_170' title='bbox 96 2270 176 2393; x_wconf 69' lang='grc' dir='ltr'><strong><em>μετὰ</em></strong></span> <span class='ocrx_word' id='word_1_171' title='bbox 195 2271 273 2351; x_wconf 85' lang='grc' dir='ltr'><strong><em>τούς</em></strong></span> <span class='ocrx_word' id='word_1_172' title='bbox 290 2275 417 2358; x_wconf 89' lang='grc' dir='ltr'><strong><em>γάμονς</em></strong></span> <span class='ocrx_word' id='word_1_173' title='bbox 440 2277 652 2361; x_wconf 79' lang='grc' dir='ltr'><strong><em>δοκιμασθεὶς</em></strong></span> <span class='ocrx_word' id='word_1_174' title='bbox 673 2277 852 2344; x_wconf 82' lang='grc' dir='ltr'><strong><em>ἐνεκάλονν</em></strong></span> <span class='ocrx_word' id='word_1_175' title='bbox 872 2305 926 2344; x_wconf 91' lang='grc' dir='ltr'><strong><em>και</em></strong></span> <span class='ocrx_word' id='word_1_176' title='bbox 916 2276 1044 2362; x_wconf 90' lang='grc' dir='ltr'><strong><em>λόγον</em></strong></span> 
     </span>
     <span class='ocr_line' id='line_1_22' title="bbox 96 2368 1044 2494; baseline 0.005 -58"><span class='ocrx_word' id='word_1_177' title='bbox 96 2368 247 2458; x_wconf 89' lang='grc' dir='ltr'><strong><em>ἀπήτουν</em></strong></span> <span class='ocrx_word' id='word_1_178' title='bbox 259 2373 313 2438; x_wconf 79' lang='grc' dir='ltr'><strong><em>καὶ</em></strong></span> <span class='ocrx_word' id='word_1_179' title='bbox 327 2372 463 2494; x_wconf 74' lang='lat'>666666</span> <span class='ocrx_word' id='word_1_180' title='bbox 477 2369 763 2458; x_wconf 82' lang='grc' dir='ltr'><strong><em>ἀποστερούμενος</em></strong></span> <span class='ocrx_word' id='word_1_181' title='bbox 772 2372 832 2452; x_wconf 87' lang='grc' dir='ltr'><strong><em>τάς</em></strong></span> <span class='ocrx_word' id='word_1_182' title='bbox 844 2378 936 2452; x_wconf 87' lang='grc' dir='ltr'><strong><em>δίκας</em></strong></span> <span class='ocrx_word' id='word_1_183' title='bbox 947 2373 1044 2461; x_wconf 86' lang='grc' dir='ltr'><strong><em>ἑλάγ-</em></strong></span> 
     </span>
    </p>

    <p class='ocr_par' dir='ltr' id='par_1_8' title="bbox 55 2463 1127 3144">
     <span class='ocr_line' id='line_1_23' title="bbox 55 2463 1045 2590; baseline 0.002 -54"><span class='ocrx_word' id='word_1_184' title='bbox 55 2491 88 2545; x_wconf 78' lang='lat'><strong><em>16</em></strong></span> <span class='ocrx_word' id='word_1_185' title='bbox 96 2495 198 2554; x_wconf 86' lang='grc' dir='ltr'><strong><em>χανον</em></strong></span> <span class='ocrx_word' id='word_1_186' title='bbox 221 2470 274 2536; x_wconf 79' lang='grc' dir='ltr'><strong><em>ἐπὶ</em></strong></span> <span class='ocrx_word' id='word_1_187' title='bbox 304 2477 366 2536; x_wconf 81' lang='grc' dir='ltr'><strong><em>τοῦ</em></strong></span> <span class='ocrx_word' id='word_1_188' title='bbox 391 2468 496 2549; x_wconf 84' lang='grc' dir='ltr'><strong><em>αύτού</em></strong></span> <span class='ocrx_word' id='word_1_189' title='bbox 511 2468 680 2590; x_wconf 83' lang='grc' dir='ltr'><strong><em>ἀρχογτος.</em></strong></span> <span class='ocrx_word' id='word_1_190' title='bbox 714 2466 793 2558; x_wconf 87' lang='grc' dir='ltr'><strong><em>δδή</em></strong></span> <span class='ocrx_word' id='word_1_191' title='bbox 812 2469 930 2559; x_wconf 84' lang='grc' dir='ltr'><strong><em>χρόνος</em></strong></span> <span class='ocrx_word' id='word_1_192' title='bbox 947 2463 1045 2549; x_wconf 78' lang='grc' dir='ltr'><strong><em>οὗτος</em></strong></span> 
     </span>
     <span class='ocr_line' id='line_1_24' title="bbox 95 2565 1045 2657; baseline 0 -21"><span class='ocrx_word' id='word_1_193' title='bbox 95 2565 339 2655; x_wconf 83' lang='grc' dir='ltr'><strong><em>ἀφειλήσαιν</em></strong></span> <span class='ocrx_word' id='word_1_194' title='bbox 279 2571 339 2654; x_wconf 74' lang='grc' dir='ltr'><strong><em>μὲν</em></strong></span> <span class='ocrx_word' id='word_1_195' title='bbox 352 2571 514 2655; x_wconf 78' lang='grc' dir='ltr'><strong><em>ἐνδέχεται</em></strong></span> <span class='ocrx_word' id='word_1_196' title='bbox 524 2565 606 2636; x_wconf 86' lang='grc' dir='ltr'><strong><em>κατά</em></strong></span> <span class='ocrx_word' id='word_1_197' title='bbox 621 2566 679 2647; x_wconf 89' lang='grc' dir='ltr'><strong><em>τάς</em></strong></span> <span class='ocrx_word' id='word_1_198' title='bbox 692 2565 881 2657; x_wconf 86' lang='grc' dir='ltr'><strong><em>ὁμολογίας,</em></strong></span> <span class='ocrx_word' id='word_1_199' title='bbox 897 2567 1045 2657; x_wconf 82' lang='grc' dir='ltr'><strong><em>ἀποδού-</em></strong></span> 
     </span>
     <span class='ocr_line' id='line_1_25' title="bbox 95 2665 1127 2756; baseline 0.004 -22"><span class='ocrx_word' id='word_1_200' title='bbox 95 2665 195 2734; x_wconf 90' lang='grc' dir='ltr'><strong><em>ναιδ’</em></strong></span> <span class='ocrx_word' id='word_1_201' title='bbox 208 2664 396 2753; x_wconf 80' lang='grc' dir='ltr'><strong><em>ούκέχειπί</em></strong></span> <span class='ocrx_word' id='word_1_202' title='bbox 394 2686 474 2736; x_wconf 92' lang='grc' dir='ltr'><strong><em>στιν.</em></strong></span> <span class='ocrx_word' id='word_1_203' title='bbox 498 2695 534 2748; x_wconf 94' lang='grc' dir='ltr'><strong><em>ος</em></strong></span> <span class='ocrx_word' id='word_1_204' title='bbox 544 2694 608 2754; x_wconf 89' lang='grc' dir='ltr'><strong><em>γαρ</em></strong></span> <span class='ocrx_word' id='word_1_205' title='bbox 621 2666 674 2735; x_wconf 92' lang='grc' dir='ltr'><strong><em>δια</em></strong></span> <span class='ocrx_word' id='word_1_206' title='bbox 684 2694 766 2736; x_wconf 88' lang='grc' dir='ltr'><strong><em>ταυτ</em></strong></span> <span class='ocrx_word' id='word_1_207' title='bbox 769 2667 858 2751; x_wconf 64' lang='lat'><strong><em>&#39;6&#39;</em></strong></span> <span class='ocrx_word' id='word_1_208' title='bbox 838 2694 939 2756; x_wconf 84' lang='grc' dir='ltr'><strong><em>αρχής</em></strong></span> <span class='ocrx_word' id='word_1_209' title='bbox 950 2667 1045 2755; x_wconf 83' lang='grc' dir='ltr'><strong><em>οφεί</em></strong></span> <span class='ocrx_word' id='word_1_210' title='bbox 1122 2710 1127 2719; x_wconf 79' lang='lat'><em>,</em></span> 
     </span>
     <span class='ocr_line' id='line_1_26' title="bbox 96 2765 1043 2855; baseline 0.006 -24"><span class='ocrx_word' id='word_1_211' title='bbox 96 2774 166 2832; x_wconf 86' lang='grc' dir='ltr'><strong><em>λειυ</em></strong></span> <span class='ocrx_word' id='word_1_212' title='bbox 184 2768 285 2833; x_wconf 86' lang='grc' dir='ltr'><strong><em>ειλετο</em></strong></span> <span class='ocrx_word' id='word_1_213' title='bbox 308 2767 421 2834; x_wconf 82' lang='grc' dir='ltr'><strong><em>καλ’</em></strong></span> <span class='ocrx_word' id='word_1_214' title='bbox 382 2792 484 2836; x_wconf 89' lang='grc' dir='ltr'><strong><em>τοκου</em></strong></span> <span class='ocrx_word' id='word_1_215' title='bbox 505 2770 638 2853; x_wconf 83' lang='grc' dir='ltr'><strong><em>φέρειν,</em></strong></span> <span class='ocrx_word' id='word_1_216' title='bbox 670 2770 726 2836; x_wconf 90' lang='grc' dir='ltr'><strong><em>ινα</em></strong></span> <span class='ocrx_word' id='word_1_217' title='bbox 744 2765 789 2854; x_wconf 85' lang='grc' dir='ltr'><strong><em>μή</em></strong></span> <span class='ocrx_word' id='word_1_218' title='bbox 810 2765 1040 2837; x_wconf 80' lang='grc' dir='ltr'><strong><em>κινδυνεύοι</em></strong></span> <span class='ocrx_word' id='word_1_219' title='bbox 1022 2796 1043 2855; x_wconf 89' lang='lat'><strong><em>6</em></strong></span> 
     </span>
     <span class='ocr_line' id='line_1_27' title="bbox 97 2854 1045 2952; baseline 0.007 -25"><span class='ocrx_word' id='word_1_220' title='bbox 97 2861 191 2946; x_wconf 79' lang='grc' dir='ltr'><strong><em>προὶξ</em></strong></span> <span class='ocrx_word' id='word_1_221' title='bbox 205 2861 284 2945; x_wconf 86' lang='grc' dir='ltr'><strong><em>μετά</em></strong></span> <span class='ocrx_word' id='word_1_222' title='bbox 297 2871 355 2948; x_wconf 86' lang='grc' dir='ltr'><strong><em>τής</em></strong></span> <span class='ocrx_word' id='word_1_223' title='bbox 369 2863 469 2951; x_wconf 86' lang='grc' dir='ltr'><strong><em>ἀλλής</em></strong></span> <span class='ocrx_word' id='word_1_224' title='bbox 479 2864 610 2952; x_wconf 88' lang='grc' dir='ltr'><strong><em>οάσίας,</em></strong></span> <span class='ocrx_word' id='word_1_225' title='bbox 624 2872 693 2943; x_wconf 81' lang='grc' dir='ltr'><strong><em>πῶς</em></strong></span> <span class='ocrx_word' id='word_1_226' title='bbox 706 2856 804 2943; x_wconf 84' lang='grc' dir='ltr'><strong><em>ούτος</em></strong></span> <span class='ocrx_word' id='word_1_227' title='bbox 818 2860 862 2933; x_wconf 88' lang='grc' dir='ltr'><strong><em>ἀν</em></strong></span> <span class='ocrx_word' id='word_1_228' title='bbox 874 2854 1045 2934; x_wconf 79' lang='grc' dir='ltr'><strong><em>ἀπέδοκεν</em></strong></span> 
     </span>
     <span class='ocr_line' id='line_1_28' title="bbox 94 2954 1116 3077; baseline 0.005 -53"><span class='ocrx_word' id='word_1_229' title='bbox 94 2954 206 3043; x_wconf 86' lang='grc' dir='ltr'><strong><em>ήδή</em></strong></span> <span class='ocrx_word' id='word_1_230' title='bbox 172 2983 234 3042; x_wconf 86' lang='grc' dir='ltr'><strong><em>την</em></strong></span> <span class='ocrx_word' id='word_1_231' title='bbox 243 2960 343 3077; x_wconf 80' lang='grc' dir='ltr'><strong><em>δίκήν</em></strong></span> <span class='ocrx_word' id='word_1_232' title='bbox 355 2961 555 3071; x_wconf 61' lang='grc' dir='ltr'><strong><em>φεύγουτοςς</em></strong></span> <span class='ocrx_word' id='word_1_233' title='bbox 566 2959 604 3039; x_wconf 85' lang='grc' dir='ltr'><strong><em>δς</em></strong></span> <span class='ocrx_word' id='word_1_234' title='bbox 615 2968 645 3029; x_wconf 84' lang='grc' dir='ltr'><strong><em>εί</em></strong></span> <span class='ocrx_word' id='word_1_235' title='bbox 653 2962 758 3030; x_wconf 78' lang='grc' dir='ltr'><strong><em>καὶ</em></strong></span> <span class='ocrx_word' id='word_1_236' title='bbox 719 2988 777 3029; x_wconf 84' lang='grc' dir='ltr'><strong><em>ποτ</em></strong></span> <span class='ocrx_word' id='word_1_237' title='bbox 776 2961 852 3030; x_wconf 79' lang='grc' dir='ltr'><strong><em>’ἐπί</em></strong></span> <span class='ocrx_word' id='word_1_238' title='bbox 837 2968 977 3047; x_wconf 84' lang='grc' dir='ltr'><strong><em>ίστευσε,</em></strong></span> <span class='ocrx_word' id='word_1_239' title='bbox 987 2987 1047 3047; x_wconf 68' lang='lat'><strong><em>66-</em></strong></span> <span class='ocrx_word' id='word_1_240' title='bbox 1108 3032 1116 3046; x_wconf 53' lang='grc'>,</span> 
     </span>
     <span class='ocr_line' id='line_1_29' title="bbox 95 3047 1048 3180; baseline 0.004 -59"><span class='ocrx_word' id='word_1_241' title='bbox 95 3051 221 3121; x_wconf 87' lang='grc' dir='ltr'><strong><em>νικαύτ’</em></strong></span> <span class='ocrx_word' id='word_1_242' title='bbox 235 3049 279 3120; x_wconf 88' lang='grc' dir='ltr'><strong><em>ἀν</em></strong></span> <span class='ocrx_word' id='word_1_243' title='bbox 293 3047 474 3142; x_wconf 80' lang='grc' dir='ltr'><strong><em>ἀπολάβείν</em></strong></span> <span class='ocrx_word' id='word_1_244' title='bbox 485 3059 655 3176; x_wconf 78' lang='grc' dir='ltr'><strong><em>ἐζήτησεν.</em></strong></span> <span class='ocrx_word' id='word_1_245' title='bbox 671 3083 734 3124; x_wconf 90' lang='grc' dir='ltr'><strong><em>ουκ</em></strong></span> <span class='ocrx_word' id='word_1_246' title='bbox 743 3061 849 3125; x_wconf 79' lang='grc' dir='ltr'><strong><em>ἔνεστι</em></strong></span> <span class='ocrx_word' id='word_1_247' title='bbox 861 3056 1048 3180; x_wconf 82' lang='grc' dir='ltr'><strong><em>δήπουθεν,</em></strong></span> 
     </span>
    </p>

    <p class='ocr_par' dir='ltr' id='par_1_9' title="bbox 56 3144 1048 3541">
     <span class='ocr_line' id='line_1_30' title="bbox 56 3144 1048 3276; baseline 0.007 -56"><span class='ocrx_word' id='word_1_248' title='bbox 56 3177 123 3232; x_wconf 74' lang='grc' dir='ltr'><strong><em>ιτω</em></strong></span> <span class='ocrx_word' id='word_1_249' title='bbox 110 3144 255 3276; x_wconf 78' lang='grc' dir='ltr'><strong><em>ἀνδρες</em></strong></span> <span class='ocrx_word' id='word_1_250' title='bbox 270 3157 429 3221; x_wconf 87' lang='grc' dir='ltr'><strong><em>δικασταί.</em></strong></span> <span class='ocrx_word' id='word_1_251' title='bbox 450 3151 532 3222; x_wconf 89' lang='grc' dir='ltr'><strong><em>ἀλλά</em></strong></span> <span class='ocrx_word' id='word_1_252' title='bbox 547 3150 614 3241; x_wconf 84' lang='grc' dir='ltr'><strong><em>μήν</em></strong></span> <span class='ocrx_word' id='word_1_253' title='bbox 633 3151 677 3233; x_wconf 82' lang='grc' dir='ltr'><strong><em>ὡς</em></strong></span> <span class='ocrx_word' id='word_1_254' title='bbox 693 3153 888 3241; x_wconf 79' lang='grc' dir='ltr'><strong><em>ἐγήματο</em></strong></span> <span class='ocrx_word' id='word_1_255' title='bbox 852 3181 914 3242; x_wconf 89' lang='grc' dir='ltr'><strong><em>μεν</em></strong></span> <span class='ocrx_word' id='word_1_256' title='bbox 926 3150 947 3246; x_wconf 87' lang='lat'><strong><em>6</em></strong></span> <span class='ocrx_word' id='word_1_257' title='bbox 960 3150 1048 3246; x_wconf 86' lang='grc' dir='ltr'><strong><em>γυνή</em></strong></span> 
     </span>
     <span class='ocr_line' id='line_1_31' title="bbox 96 3248 1046 3344; baseline 0.006 -24"><span class='ocrx_word' id='word_1_258' title='bbox 96 3249 176 3320; x_wconf 90' lang='grc' dir='ltr'><strong><em>καθ’</em></strong></span> <span class='ocrx_word' id='word_1_259' title='bbox 190 3248 231 3319; x_wconf 83' lang='lat'><strong><em>66</em></strong></span> <span class='ocrx_word' id='word_1_260' title='bbox 244 3248 315 3336; x_wconf 79' lang='grc' dir='ltr'><strong><em>ἑγδ</em></strong></span> <span class='ocrx_word' id='word_1_261' title='bbox 322 3254 407 3339; x_wconf 79' lang='grc' dir='ltr'><strong><em>λέγω</em></strong></span> <span class='ocrx_word' id='word_1_262' title='bbox 418 3250 556 3339; x_wconf 79' lang='grc' dir='ltr'><strong><em>χρόνον,</em></strong></span> <span class='ocrx_word' id='word_1_263' title='bbox 570 3250 772 3321; x_wconf 87' lang='grc' dir='ltr'><strong><em>ἀντίδικοιδ’</em></strong></span> <span class='ocrx_word' id='word_1_264' title='bbox 785 3250 879 3341; x_wconf 80' lang='grc' dir='ltr'><strong><em>ήμελς</em></strong></span> <span class='ocrx_word' id='word_1_265' title='bbox 887 3255 951 3344; x_wconf 86' lang='lat'><strong><em>666</em></strong></span> <span class='ocrx_word' id='word_1_266' title='bbox 964 3256 1046 3341; x_wconf 86' lang='grc' dir='ltr'><strong><em>πρὸς</em></strong></span> 
     </span>
     <span class='ocr_line' id='line_1_32' title="bbox 97 3348 1046 3443; baseline 0.006 -25"><span class='ocrx_word' id='word_1_267' title='bbox 97 3349 259 3436; x_wconf 89' lang='grc' dir='ltr'><strong><em>ἀλλήλους</em></strong></span> <span class='ocrx_word' id='word_1_268' title='bbox 280 3353 318 3418; x_wconf 84' lang='grc' dir='ltr'><strong><em>ἐν</em></strong></span> <span class='ocrx_word' id='word_1_269' title='bbox 334 3376 379 3440; x_wconf 77' lang='grc' dir='ltr'><strong><em>τρι</em></strong></span> <span class='ocrx_word' id='word_1_270' title='bbox 368 3348 517 3437; x_wconf 71' lang='grc' dir='ltr'><strong><em>μεταξύ</em></strong></span> <span class='ocrx_word' id='word_1_271' title='bbox 534 3351 642 3442; x_wconf 81' lang='grc' dir='ltr'><strong><em>χρόνῳ</em></strong></span> <span class='ocrx_word' id='word_1_272' title='bbox 662 3354 928 3442; x_wconf 75' lang='grc' dir='ltr'><strong><em>αατέστήμεν,”</em></strong></span> <span class='ocrx_word' id='word_1_273' title='bbox 905 3375 1046 3443; x_wconf 87' lang='grc' dir='ltr'><strong><em>υστερον</em></strong></span> 
     </span>
     <span class='ocr_line' id='line_1_33' title="bbox 99 3445 1048 3541; baseline 0.007 -27"><span class='ocrx_word' id='word_1_274' title='bbox 99 3445 168 3535; x_wconf 82' lang='grc' dir='ltr'><strong><em>δ”ή</em></strong></span> <span class='ocrx_word' id='word_1_275' title='bbox 182 3448 246 3535; x_wconf 74' lang='grc' dir='ltr'><strong><em>ἐγώ</em></strong></span> <span class='ocrx_word' id='word_1_276' title='bbox 259 3446 321 3535; x_wconf 83' lang='grc' dir='ltr'><strong><em>τήν</em></strong></span> <span class='ocrx_word' id='word_1_277' title='bbox 333 3453 430 3536; x_wconf 81' lang='grc' dir='ltr'><strong><em>δίκην</em></strong></span> <span class='ocrx_word' id='word_1_278' title='bbox 441 3454 558 3536; x_wconf 79' lang='grc' dir='ltr'><strong><em>ἔλαχον</em></strong></span> <span class='ocrx_word' id='word_1_279' title='bbox 579 3448 641 3540; x_wconf 85' lang='grc' dir='ltr'><strong><em>τήν</em></strong></span> <span class='ocrx_word' id='word_1_280' title='bbox 655 3448 834 3530; x_wconf 77' lang='grc' dir='ltr'><strong><em>ἀπόλειψιν</em></strong></span> <span class='ocrx_word' id='word_1_281' title='bbox 852 3446 946 3521; x_wconf 78' lang='grc' dir='ltr'><strong><em>οὗτοι</em></strong></span> <span class='ocrx_word' id='word_1_282' title='bbox 964 3449 1048 3541; x_wconf 87' lang='grc' dir='ltr'><strong><em>πρός</em></strong></span> 
     </span>
    </p>

    <p class='ocr_par' dir='ltr' id='par_1_10' title="bbox 707 3547 841 3602">
     <span class='ocr_line' id='line_1_34' title="bbox 707 3547 841 3602; baseline 0.037 -5"><span class='ocrx_word' id='word_1_283' title='bbox 707 3589 712 3597; x_wconf 93' lang='grc'><em>.</em></span> <span class='ocrx_word' id='word_1_284' title='bbox 780 3547 841 3602; x_wconf 68' lang='lat'><strong><em>23*</em></strong></span> 
     </span>
    </p>
   </div>
   <div class='ocr_carea' id='block_1_3' title="bbox 0 0 1175 3894">
    <p class='ocr_par' dir='ltr' id='par_1_11' title="bbox 0 0 1175 3894">
     <span class='ocr_line' id='line_1_35' title="bbox 0 0 1175 3894; baseline 0 0"><span class='ocrx_word' id='word_1_285' title='bbox 0 0 1175 3894; x_wconf 95' lang='lat' dir='ltr'><strong><em> </em></strong></span> 
     </span>
    </p>
   </div>
  </div>
 </body>
</html>
