2318 3894
276 271 280 278 .
329 227 470 290 ιιεοε
500 197 791 287 ΛΕΠΤῙΝΗΝ.
1009 221 1027 287 ι

81 383 149 474 ματ’
164 385 332 455 ἀπόλλυτε
342 383 448 472 μόνον
458 388 632 469 σκεπτέον,
651 380 719 451 ἀλλ’
732 389 762 452 εί
777 385 830 452 καλ
842 383 941 464 δόξαν
951 409 1032 469 χρη·

82 483 176 571 στὴν,
184 487 259 569 περὶ
270 477 309 569 ἧς
320 491 447 569 μᾶλλον
458 481 655 560 σπουδάζετε
666 476 688 567 ἦ
699 482 773 565 περὶ
784 481 1031 566 χρημάτων,καί

81 581 124 650 οὐ
136 584 245 668 μόνον
254 580 357 668 ὐμεῑς,
369 579 453 648 ἀλλά
468 582 524 647 καὶ
543 584 578 646 οί
592 580 761 663 πρόγονοι.
793 577 969 663 τεκμήριον
980 581 1030 644 δέ·

82 682 233 768 χρήματα
244 681 304 767 μὲν
315 679 379 765 γάρ
391 678 526 747 πλεῖστά
537 702 616 744 ποτε
627 678 824 762 κτησάμενοι
835 673 936 743 πάνθ’
949 675 1031 761 ὑπὲρ
1045 694 1098 750 460

84 784 271 864 φιλοτιμίας
287 775 480 863 ἀνήλωσαν,
502 773 586 860 ὑπὲρ
606 775 642 842 δέ
660 774 755 862 δόξης
773 775 895 843 οὐδένα
918 774 1034 842 πύπο-

84 903 120 944 τε
142 881 303 944 κίνδυνον
325 879 515 961 ἐξέστησαν,
549 872 631 942 ἀλλά
659 877 714 941 καὶ
738 875 795 952 τοὶς
815 879 899 952 ίδιάς
920 871 1035 951 οὐσίας

85 971 404 1059 προσαναλίσκοντες
418 977 593 1040 διετέλουν.
624 980 690 1039 νύν
706 979 821 1040 τοίνυν
833 965 930 1050 οὐτος
941 969 1032 1061 ὁνό-

85 1097 145 1162 μος
155 1070 281 1155 ταύτην
293 1068 365 1136 ἀντὶ
377 1076 479 1156 καλῆς
491 1069 675 1157 αίσχράντῇ
686 1070 780 1137 πόλει
791 1071 970 1154 περιάπτει,
978 1071 1033 1137 καί

84 1167 162 1236 οὐτε
173 1175 242 1234 των
253 1166 429 1250 προγόνων
441 1165 517 1261 οὐδ’
529 1165 625 1252 ὑμῶν
635 1165 737 1246 ἀξίαν.
764 1175 837 1252 τρία
848 1167 912 1252 γάρ
923 1166 963 1235 τά
974 1171 1033 1253 μέ-

83 1285 178 1350 γιστα
189 1262 300 1350 ὀνείδη
311 1273 435 1357 κτᾶται,
447 1263 647 1350 φθονεροὺς,
660 1262 826 1345 ἀπίστους,
839 1264 1034 1350 ἀχαρίστους

85 1362 297 1431 είναιδοιιείν.
938 1373 941 1379 ·

53 1475 78 1527 11
159 1460 232 1529 Ὅτι
240 1465 356 1529 τοίνυν
368 1456 443 1528 οὐδ’
455 1461 543 1528 έστδν
560 1458 661 1547 ὅλως,
686 1453 1031 1546 ὐάνδρεςἉθηναίοι,

69 1566 143 1629 πού
160 1557 268 1644 ἤθους
279 1565 341 1624 τοῦ
352 1555 512 1644 ὑμετέρου
523 1559 642 1642 αὐριον
653 1567 785 1646 ποιησαι
803 1567 955 1627 τοιοῦτον
972 1559 1033 1627 νό-

85 1684 157 1745 μον,
170 1659 226 1725 ιιαδ
244 1664 343 1724 τοῦτο
353 1657 551 1742 πειράσομαι
569 1662 670 1738 δείξαι
688 1655 741 1725 διά
758 1661 925 1745 βραχέων,
948 1659 984 1724 ἕν
1000 1683 1033 1723 τι

85 1763 151 1822 τῶν
161 1751 326 1843 πρότερον
336 1757 576 1840 πεπραγμένων
587 1764 627 1844 τῇ
644 1755 739 1824 πόλει
755 1755 944 1836 διεξελθών.
978 1760 1034 1824 λέ-

84 1847 398 1938 γονταιχρήμαδοί
410 1853 585 1938 τριάκοντα
597 1860 814 1923 δανείσασθαι
825 1853 914 1939 παρά
925 1861 1034 1922 Auxa-
1073 1906 1077 1915 .

86 1957 266 2036 δαιμονίων
282 1953 335 2018 έπδ
350 1949 429 2034 τούς
446 1954 481 2020 ἐν
491 1960 658 2040 Πειραιεῖ..
680 1951 791 2041 ἐπειδη
805 1950 837 2020 δ’
849 1949 870 2040 ἡ
883 1952 977 2030 πόλις
988 1957 1034 2030 είς

86 2041 217 2135 ἓνῆλθε
228 2050 282 2117 καὶ
293 2046 333 2116 τά
344 2048 501 2135 πράγματ’
513 2054 620 2120 έκείνα
631 2056 778 2139 κατέστη,
789 2056 940 2138 πρέσβεις
952 2053 1034 2136 πέμ·
1117 2125 1119 2129 ‚
1137 2105 1143 2116 .

86 2162 206 2228 σαντες
222 2153 257 2216 οί
270 2149 527 2234 Λακεδαιμόνιοι
543 2149 584 2217 τά
604 2151 754 2237 χρήματα
770 2148 859 2218 ταῦτ’
872 2146 1030 2238 ἀπῄτουν.
1095 2174 1106 2191 τ

58 2246 1034 2332 λελόγωνδὲγιγνομέυων,καὶτύνμέντούςδανεισαμένους

88 2342 271 2411 ἀποδοῦναι
280 2345 506 2428 κελευόντων,
517 2345 596 2423 τούς
611 2348 644 2424 ἐξ
656 2344 796 2428 ἀστεως,
808 2352 876 2411 των
888 2343 923 2409 δέ
935 2349 1036 2408 τοῦτο

87 2451 217 2528 πρῶτον
227 2440 372 2528 ὑπάρξαι
381 2440 604 2530 τῆςὸμονοίας
614 2457 749 2529 σημείου
760 2439 954 2523 ἀξιούντων,
963 2466 1034 2507 νοι-

87 2548 126 2629 νῇ
148 2545 303 2608 διαλῦσαι
323 2539 364 2608 τά
385 2541 549 2628 χρήματα,
583 2544 664 2627 φασὶ
689 2539 750 2608 τόν
772 2546 879 2626 δῆμον
901 2541 1033 2607 ἑλέσθαι

89 2650 347 2723 συνεισενεγκεῖν
372 2637 478 2707 αὐτόν
504 2641 559 2707 καὶ
586 2653 757 2726 μετασχεῖν
790 2648 847 2724 τῆς
876 2638 1032 2724 δαπάνης,

37 2733 38 2736 “
88 2734 170 2803 ὐστε
188 2737 233 2822 μὴ
252 2744 352 2804 λύσαι
371 2735 714 2825 τεῖνάμολογημένων
734 2741 846 2824 μηδέν.
879 2744 949 2814 πως
970 2729 1034 2807 οὐν
1113 2807 1114 2810 Ἴ

87 2832 127 2902 οὐ
139 2833 262 2920 δεινόν,
274 2829 302 2903 ὐ
314 2833 627 2922 ἀνδρεςἈδηναίοι,
645 2841 676 2903 εί
685 2836 758 2902 τότε
769 2838 830 2920 μὲν
840 2849 908 2911 τοῖς
916 2831 1034 2919 ἠδικη-

88 2933 183 3000 κόσιν
199 2930 287 3018 ὑμεῖς
304 2930 388 3019 ὑπὲρ
400 2941 460 3001 τοῦ
472 2933 516 3020 μὴ
536 2935 725 3014 ψεύσασθαι
742 2930 782 2999 τά
799 2931 948 3016 χρήματα
965 2937 996 2998 εί
1014 2968 1033 2983 -

88 3032 200 3115 φέρειν
219 3028 423 3117 ἠθελήσατε,
445 3039 511 3099 νῦν
534 3029 566 3098 δ’
585 3028 659 3110 ε’ξόν
680 3029 760 3116 ὑμῖν
782 3027 864 3095 ἀνευ
886 3027 1033 3114 δαπάνης

86 3125 125 3193 ’τά
144 3133 255 3196 δίκαια
277 3136 416 3214 ποιῆσαί
432 3144 499 3208 τοῖς
526 3128 725 3214 εὐεργέταις,
748 3128 869 3196 λύσασι
889 3126 950 3195 τόν
971 3127 1032 3194 νό-

86 3250 162 3310 μον,
195 3225 382 3306 ψεύδεσθαι
410 3236 537 3312 μάλλον
564 3227 759 3315 αίρήσεσδε;
797 3227 858 3314 ἐγώ
888 3226 949 3312 μέν
969 3221 1032 3292 οὐκ

86 3321 193 3406 ἀξιῶ..
709 3339 713 3357 ’

56 3434 80 3488 13
169 3418 215 3525 Τὸ
227 3421 290 3507 μέν
299 3428 415 3492 τοίνυν
425 3430 483 3511 τῆς
494 3424 620 3519 πόλεως
634 3417 737 3512 ἦθος,
761 3414 917 3507 ὐάυδρες
931 3419 1030 3502 Ἀδη-
