2318 3894
64 181 67 187 ’
155 228 219 293 τοι
284 178 291 213 ⁵
338 230 460 288 xxxv1.
499 227 916 290 ΔΗΜοΣοωΝουΣ

155 387 300 475 ὀφείλων
317 385 422 456 αὐτὸν
432 386 600 473 ἐκτήσατο.
630 388 686 454 καί
695 386 755 454 τὸν
765 393 967 473 Σωσίνομον
976 388 1037 455 καί
1048 385 1112 456 τὸν

159 488 351 573 Τιμόδημον
364 488 419 560 καὶ
430 482 509 562 τούς
520 482 855 570 ἀλλουςτραπεζίτας,
877 491 925 568 οδ,
948 486 1022 557 ἐπεὶ
1034 489 1111 552 δια-

156 585 248 652 λύειν
267 587 401 670 ἐδέησεν
417 579 465 661 οίς
484 580 645 666 ώφειλον,
669 583 843 667 ἐξέστησαν
860 578 1022 650 ἁπάντων
1039 591 1111 651 τών

155 683 272 759 ὄντων.
304 680 347 749 σύ
359 680 390 748 δ’
405 677 504 748 οὐδὲν
516 688 577 747 οίει
589 682 659 746 δεῖν
669 692 806 747 σκοπεῖν
817 676 893 748 οὐδ’
905 672 982 748 ώνὸ
996 679 1110 767 πατὴρ
1118 692 1155 746 9ου

154 788 217 850 σοῦ
234 788 348 868 πολλῷ
363 784 501 864 βελτίων
519 772 567 844 ών
581 778 637 844 καὶ
648 775 786 862 ἀμεινον
796 786 860 844 σού
870 784 1010 862 φρονῶν
1022 776 1110 862 πρὸς

93 884 145 938 ’51
155 877 275 946 ἅπαντ’
293 877 529 962 ἐβουλεύσατο·
550 873 603 959 ὃς,
628 868 655 942 ώ
675 882 744 943 Ζεῦ
764 878 820 968 καί
841 876 932 958 θεοὶ,
954 874 1107 965 τοσούτῳ

153 985 274 1045 τοῦτον
294 973 403 1062 ἡγεῖτο
426 983 489 1042 σού
510 980 661 1052 πλείονος
683 971 776 1052 ἀξιον
798 969 957 1039 εἶναικαὶ
977 974 1108 1064 σοὶκαί

154 1079 260 1161 ἑαυτῷ
272 1076 405 1152 καὶτοῖς
418 1071 587 1159 ὑμετέροις
597 1071 803 1156 πράγμασιν,
816 1067 900 1137 ώστε
909 1067 1036 1155 ἀνδρὸς
1046 1069 1107 1140 ὄν-

153 1198 208 1250 τος
226 1180 288 1239 σοῦ
300 1180 436 1255 τοῦτον,
459 1167 500 1237 ού
512 1170 548 1238 σέ
558 1177 626 1237 τών
637 1170 836 1254 μισθώσεων
846 1172 1022 1237 κατέλιπεν
1033 1173 1107 1238 ἐπί-

83 1281 88 1293 '
153 1295 278 1355 τροπον
296 1272 351 1336 καὶ
367 1267 428 1354 τὴν
445 1281 586 1353 γυναῖκα
604 1271 706 1334 ἐδωκε
722 1268 777 1334 καὶ
796 1272 859 1346 ζών
876 1263 981 1332 αὐτὸν
998 1268 1105 1353 ἐτίμα,

154 1372 302 1450 δικαίως,
315 1360 341 1436 ώ
353 1365 472 1453 ἀνδρες
481 1365 666 1452 Ἀθηναῖοι·
687 1369 721 1432 οί
730 1365 792 1449 μὲν
801 1365 864 1450 γὰρ
875 1363 970 1432 ἀλλοι
979 1389 1106 1450 τραπε-

153 1472 233 1545 ζῖται
250 1472 415 1550 μίσθωσιν
427 1490 468 1532 ου
459 1462 653 1550 ’φέροντες,
675 1461 748 1530 ἀλλ’
761 1461 883 1534 αύτοὶ
866 1476 994 1541 εαυτοῖς
1004 1467 1104 1551 ἐργα-

37 1575 43 1585 ’
76 1593 78 1597 ’
153 1564 285 1649 ζόμενοι
302 1562 420 1641 πάντες
438 1560 629 1645 ἀπώλοντο,
655 1553 751 1640 ουτος
762 1564 798 1628 δὲ
796 1567 975 1646 μίσθωσιν
987 1565 1103 1647 φερων

50 1668 64 1693 “
153 1662 214 1730 δύο
232 1661 376 1729 τάλαντα
392 1664 447 1729 καὶ
463 1659 705 1743 τετταράκοντα
721 1667 807 1744 μνάς
822 1655 902 1744 ὑμῖν
918 1659 1078 1726 ἔσωσε
1041 1686 1103 1745 την

109 1760 346 1844 οοτράπεζαν.
358 1752 406 1826 ών
424 1762 548 1836 ἐκεῖνος
564 1755 682 1842 μὲν
641 1782 739 1842 χαριν
756 1755 835 1843 εἶχε,
856 1754 953 1823 οὐδ’
977 1753 1100 1824 ούδένα

151 1857 358 1940 ποιείλόγον,
372 1854 445 1924 ἀλλ’
458 1858 590 1924 εναντία
599 1880 639 1943 τη
624 1851 793 1942 διαθηκη
803 1851 960 1932 καὶταλς
942 1877 989 1921 απ
991 1851 1100 1944 ’ἐκεί-

151 1980 211 2040 νης
229 1950 531 2041 ἀραϊςηιραφείσαις
547 1950 612 2021 ύπό
629 1961 691 2021 τού
709 1959 772 2019 σοῦ
793 1951 917 2038 πατρὸς
937 1953 1097 2034 ἐλαύνεις,

152 2066 387 2136 συκοφαντεῖς,
410 2051 547 2129 διώκεις.
569 2043 767 2135 ώβέλτιστε,
786 2055 816 2117 εί
826 2044 899 2116 οίύν
910 2075 946 2116 τε
958 2049 994 2118 σὲ
1005 2047 1097 2116 τοῦτ’

153 2157 255 2218 εἰπεῖν
261 2199 272 2233 ,
284 2146 326 2215 ού
337 2148 471 2231 παύσει,
484 2149 538 2215 καί
549 2149 672 2232 γνώσει
684 2144 794 2232 τοῦθ’,
809 2145 860 2213 ὅτι
872 2154 1008 2214 πολλών
1018 2173 1097 2234 χρη·
1147 2151 1149 2155 ’

61 2269 66 2274 “
151 2248 264 2332 μάτων
275 2243 311 2314 τὰ
324 2244 465 2332 χρηστὸν
476 2244 560 2313 εἶναι
570 2245 836 2328 λυσιτελέστερόν
846 2249 928 2324 ἐστι;
941 2249 1097 2331 σοίνούν,

152 2354 242 2428 είπερ
265 2342 374 2430 ἀληθῆ
397 2346 517 2428 λέγεις,
539 2343 687 2430 χρήματα
710 2343 771 2428 μὲν
790 2343 925 2411 τοσαῦτ’
949 2342 1097 2431 είληφύτι

152 2440 249 2510 πάντ’
263 2441 437 2510 ἀπόλωλεν
445 2439 511 2527 ώ,ς
523 2443 602 2531 φής·
626 2440 693 2511 είδ’
706 2434 798 2528 ἦσθα
809 2440 967 2529 ἐπιεικὴς,
981 2441 1096 2512 ούκάν

151 2566 229 2607 ποτε
240 2538 323 2607 αύτα
312 2538 531 2628 ἀνηλωσας.

107 2653 141 2706 53
230 2635 317 2705 Ἀλλ’
338 2643 439 2722 ἔγωγε
454 2635 500 2725 μά
516 2635 576 2706 τὸν
586 2645 653 2708 Δία
671 2641 727 2708 καὶ
742 2637 845 2741 θεοὺς
855 2648 1004 2727 πανταχῆ
1016 2662 1096 2710 σκο-

150 2742 222 2801 πών
241 2732 374 2802 οὐδδν“
357 2760 443 2822 ορω,
467 2733 588 2804 διότι”
566 2763 610 2804 αν
627 2739 679 2805 σοὶ
690 2739 879 2818 πεισθεντες
889 2741 984 2807 τουδὶ
994 2765 1096 2807 κατα

149 2838 358 2917 ψηφίσαιντο.
388 2843 422 2900 τί
429 2859 508 2917 ναρ
525 2860 576 2901 οτι
586 2833 756 2918 πλησίον
737 2861 846 2903 οντων
855 2862 925 2903 των
935 2833 1097 2924 αδικημα

148 2955 215 2998 τοον
237 2933 396 3049 ἐμκαλείς;
418 2928 492 2997 ἀλλ’
515 2934 601 2997 ἔτεσι
620 2932 675 2998 καὶ
690 2932 823 3016 χρόνοις
839 2932 983 3022 ὕστερον
1000 2941 1095 3025 αίτιηῖ.

149 3025 256 3096 ἀλλ”
235 3055 286 3096 οτι
297 3037 418 3098 τοῦτον
431 3015 787 3114 ἀπραγμωνησθατδν
797 3032 937 3118 χρόνους
954 3031 1082 3103 ἀλλά
1050 3061 1097 3112 τις

149 3127 211 3193 ούκ
233 3126 360 3197 οίδεν”
340 3149 402 3196 οσα
419 3127 594 3213 πράγματα
611 3127 765 3212 πράττων
787 3127 829 3198 ού
850 3133 1032 3215 πέπαυσαι,
1055 3129 1096 3198 ού

148 3221 254 3306 μόνον
266 3229 357 3302 δίκας
368 3229 452 3303 ίδίας
462 3225 592 3293 διώκων
603 3222 665 3292 ούκ
675 3225 830 3306 ἐλάττους
839 3232 992 3316 ταυτησί,
1009 3226 1094 3298 ἀλλά

96 3349 100 3356 ’
149 3322 287 3404 δημοσίᾳ
299 3327 520 3405 συκοφαντῶν
531 3323 585 3388 καί
594 3329 720 3410 κρίνων
729 3326 837 3406 τινάςς
859 3326 934 3413 οὐχὶ
947 3317 1103 3414 Τιμομάῖ
1133 3390 1137 3396 .

146 3440 207 3502 ηου
228 3416 437 3502 κατηγόρειςς
458 3416 531 3504 ούχὶ
552 3425 749 3490 Καλλίππου
769 3430 831 3519 τού
852 3431 917 3491 νύν
935 3422 1036 3502 ’ὄντος
1057 3427 1095 3492 ἐν
