2318 3894
307 260 446 322 ΠΡΟΣ
470 234 779 325 Λιιιιυιιιιια3
966 263 1008 327 45

60 421 158 487 πέντε
177 415 308 488 τάλαντ’
322 416 507 488 ἀποδοῦναι
534 424 708 507 γέγραφεν·
719 415 817 503 οὗτος
836 421 882 502 οδς
899 448 1008 511 παρα-

60 516 256 614 σχάντιτοϊς
273 520 310 585 έν
318 524 470 601 Πειραιεῖ
477 524 538 585 τοῦ
555 519 680 605 δήμου,
692 523 748 589 καί
767 529 876 600 καλῶς
896 525 1006 590 έποίει.

58 615 102 701 μὴ
114 620 233 682 τοίνυν
244 611 266 682 ἀ
276 613 337 700 μέν
346 607 391 700 ἦν
401 611 590 702 ἀμάρτυρα,
612 614 700 684 ταῦτ’
714 619 766 686 ἐπὶ
776 626 818 706 τῇ
827 626 889 686 τοῦ
899 619 1008 706 δήμου

58 712 228 798 προφάσει
239 709 293 789 διά
304 721 367 780 σοῦ
379 713 541 800 δεδόσθω,
555 707 604 781 ὦν
615 713 648 780 δ’
660 712 787 794 αάτδςὸ
801 719 904 802 δῆμος
920 715 1034 802 μαρ-’,

59 815 176 896 πυρίας
190 814 327 895 ἔστησεν
344 813 381 878 έν
402 824 470 888 τοῖς
487 815 586 896 ίεροῐς
602 810 796 900 ἀναγράψας
811 816 866 883 καὶ
887 814 1008 894 πάντες

60 913 227 994 συνίσασι,
239 906 331 975 ταῦτ’
342 904 525 993 ἀφελέσθαι
536 917 704 993 παραίνει·
719 909 803 997 ’μηδ’
816 909 916 990 αὐτὸς
927 919 1007 997 φαί

58 1032 125 1075 νου
133 1006 177 1074 τά
194 1004 225 1073 τ’
238 1002 438 1092 ὀφειλόμενα
454 1005 498 1085 ὦς
514 1003 699 1075 ἀποδοῦναι
710 1013 761 1076 δεῖ
768 1008 908 1095 γράφων
918 1009 1007 1078 καὶά

57 1131 108 1184 τις
118 1106 210 1188 παρὰ
220 1105 395 1190 τοῦδήμον
409 1104 608 1193 κεκόμισται,
616 1104 709 1182 ταῦτ’
722 1105 905 1192 ἀφελέσθαι
919 1132 1006 1192 παρ·

10 1211 174 1272 Ιδθαινοίν.
207 1204 263 1271 καί
284 1202 350 1290 μην
361 1203 444 1291 πρός
464 1230 502 1290 γε
512 1205 747 1290 Κηφισόδοτον
756 1203 889 1273 τοσοῦτ’
903 1200 947 1272 ἀν
958 1215 1006 1272 εί-

58 1327 164 1389 ποιμι.
192 1294 292 1381 οάτάς
302 1305 391 1378 ἐστιν
401 1301 539 1380 οὐδενὸς
548 1293 657 1388 ἦττον,
676 1295 703 1370 ιά
723 1303 842 1387 ἀνδρες
850 1301 1006 1388 Ἀθηναῖ-

59 1427 107 1486 οι,
120 1410 191 1469 τῶν
200 1401 369 1487 λὲγάντων
382 1400 490 1479 δεινδς
501 1406 613 1468 εἰπεῖν.
645 1399 732 1467 πολὺ
743 1403 858 1467 τοίνυν
867 1398 1005 1467 κάλλιον

59 1505 99 1587 τῇ
123 1497 287 1584 δεινότητι
309 1498 412 1587 ταάτη
432 1507 578 1585 χρῆσθαι
598 1495 698 1567 έπὶτὸ
710 1497 789 1578 τούς
807 1495 1064 1577 άδικοῦυταςσοὸ

28 1658 31 1663 .
60 1594 147 1683 ὑμᾶς
158 1599 310 1677 κολάζειν
321 1593 343 1682 η’
355 1595 434 1676 τοάς
442 1595 575 1682 ἀγαθοῦ
587 1595 677 1676 τινὸς
688 1602 811 1675 αἰτίους
823 1593 956 1664 ἀδικεῖν.
976 1601 1007 1664 εί

59 1693 125 1779 γάρ
133 1691 394 1791 ἀπεχθάνεσθαί
399 1714 465 1763 τισι
481 1701 545 1780 δεῖ,
564 1710 630 1775 τοῖς
647 1693 799 1764 ἀδικοῦσι
814 1693 875 1763 τὸυ
887 1699 1002 1781 δῆμον,

10 1808 51 1862 151
59 1791 102 1861 οὐ
121 1806 192 1870 τοῖς
209 1791 341 1878 ἀγαθόν
356 1819 388 1861 τι
405 1801 559 1862 ποιοῦσιν
570 1799 672 1880 ἔγωγε
683 1799 801 1880 νομίζω
813 1798 891 1862 δεῖν.
923 1790 1004 1878 πρὸς

59 1896 179 1958 τοίνυν
187 1896 343 1958 Δεινίαν·
365 1882 463 1970 οὗτος
484 1902 562 1972 ἴσως
583 1895 653 1981 έρεσ
669 1899 878 1979 τριηραρχίας
899 1890 1004 1959 αὑτοῦ

59 1989 116 2056 καί
132 1994 347 2073 λειτουργίας.
380 1987 443 2073 ἐγώ
462 1986 506 2075 δ’,
529 1997 560 2059 εί
573 1999 699 2059 πολλοῦ
711 1999 752 2080 τῇ
768 1992 863 2059 πόλει
871 1998 1005 2070 Δεινίας
1109 2064 1112 2071 ,

61 2086 154 2167 ἀξιον
166 2083 271 2154 αδτδν
282 2088 502 2174 παρέσχηκεν,
521 2087 565 2169 ὡς
581 2095 690 2176 ἔμοιγε
702 2095 794 2158 δοκεῖ
802 2089 842 2176 νὴ
855 2088 933 2169 τοὺς
944 2100 1023 2158 θε-·

61 2185 136 2267 οὓς,
159 2192 288 2270 μᾶλλον
305 2181 349 2253 ἀν
363 2191 595 2274 παραινέσαιμι
611 2185 702 2277 αὐτῷ
716 2186 789 2254 τινά
806 2186 904 2272 τιμὴν
921 2185 1007 2271 ὑμᾶς

61 2282 182 2365 ἀξιοῦν
203 2287 322 2352 δοῦναι
340 2281 433 2372 ἢτάς
452 2288 573 2370 ἑτέροις
583 2285 747 2371 πρότερον
759 2289 913 2361 δοθείσας
924 2282 1008 2367 ἀφε-

61 2381 359 2451 λέσθαικελεάειν*
382 2380 468 2450 πολι)
480 2380 544 2467 γάρ
554 2376 947 2468 βελτίονοςάνδρόςέστιυ
958 2375 1005 2462 ἐφ’

63 2475 110 2558 οἷς
120 2476 223 2560 αάτός
234 2473 274 2548 εὖ
284 2487 461 2566 πεποίηκεν
477 2479 594 2560 ἀξιοῦν
609 2483 768 2566 τιμᾶσθαι
784 2474 865 2566 ἀμφ’
879 2472 928 2555 οἷς
938 2477 1006 2544 ἕτε-

16 2595 115 2659 Ιὲθροι
123 2576 323 2664 ποιήσαντες
333 2577 701 2665 έτιμηθησανφθονεϊν.
724 2573 744 2645 δ
755 2579 790 2644 δέ
802 2572 841 2662 δη
854 2577 1008 2662 μέγιστον

64 2673 292 2744 ἁπάντωνκαὶ
309 2675 425 2744 κοινὸν
436 2673 576 2763 ὑπάρχει
591 2675 675 2743 κατὰ
691 2672 827 2741 πάντων
847 2681 914 2741 τῶν
925 2694 1008 2741 συν-

65 2777 184 2840 δίκων·
204 2772 513 2856 τούτωνχπολλάκις
534 2768 580 2851 εἷς
601 2775 737 2850 ἕκαστος
756 2771 923 2857 πρότερόν
942 2790 1009 2838 τισι

65 2869 232 2956 πράγμασι
253 2870 410 2950 σύνδικος
430 2873 575 2957 γέγονεν.
597 2899 599 2902 ’
619 2877 687 2938 ἔστι
708 2869 743 2938 δέ
765 2871 819 2937 καὶ
840 2865 912 2955 μάλ’
925 2874 1025 2954 ἔχων

67 2968 166 3054 νόμος
186 2965 268 3055 ὑμῖν
288 2975 412 3053 καλῶς,
431 2967 493 3040 ουίι
513 2970 566 3037 ἐπὶ
586 2967 716 3045 τούτοις
725 2963 934 3051 τεθείς,·ἀλλ’
952 2971 1008 3033 ἵνα

67 3065 107 3152 μὴ
118 3064 155 3135 ιδ
167 3065 304 3154 πρᾶγμά
315 3066 424 3154 ὥσπερ
441 3071 576 3155 ἐργασία
592 3068 678 3133 τισίν
693 3058 780 3154 ᾖκαὶ
792 3070 1008 3150 συκοφαντία,

68 3160 108 3250 μὴ
129 3167 250 3244 ἐξεῖναι
270 3161 337 3233 ὑπὸ
361 3173 422 3233 τοῦ
444 3167 552 3252 δήμου
579 3165 853 3250 χειροτονηθέντα
876 3157 1009 3248 πλείνῆ

24 3263 61 3319 1⁵3
70 3257 149 3341 ἅπαξ
170 3266 376 3348 συνδικῆσαι.
416 3260 494 3340 τοδς
516 3260 557 3348 δη
579 3268 803 3346 συνεροῦντας
818 3258 933 3348 νόμῳ,
955 3261 1010 3326 καὶ

71 3359 260 3439 διδάξοντας
284 3356 370 3445 ὑμᾶς
396 3356 441 3438 οἱς
466 3357 646 3446 ἐπιτήδειός
670 3363 768 3446 ἐστιν,
795 3355 918 3435 αάτούς
942 3368 1010 3431 τοῖς

73 3450 251 3544 ὑπάρχουσι
264 3456 379 3543 νόμοις
394 3462 447 3526 δεῖ
460 3460 682 3543 πειθομένους
697 3461 893 3540 φαίνεσθαι·
927 3456 957 3517 εί
974 3452 1009 3514 δὲ
