2318 3894
290 249 787 324 ναπνόοειτιααοπ,
949 253 1012 323 εει
1136 262 1139 268 ·

412 388 653 488 ΜΑΡννΡιΑ.
1043 401 1047 404 ’

23 605 55 656 11
145 566 263 646 Εὐθὺς
273 557 412 653 τοίνυν,
436 543 599 649 ἀάνδρες
608 561 792 651 Ἀθηναῖοι,
812 559 859 641 ’ὡς
870 560 1010 656 ἀφεῖσαν

65 667 195 736 τουτονὶ
205 672 262 751 της
273 662 484 750 μισθώσεως,
498 664 653 747 νέμονται
663 661 725 748 την
735 662 898 749 τράπεζαν
907 663 962 728 καὶ
972 660 1008 727 τὸ

63 763 335 848 ἀσπιδοπηγεῖον,
352 761 413 828 καὶ
428 758 543 847 λαβών
560 765 687 844 αἵρεσιν
694 757 940 843 Ἀπολλόδωρος
958 762 1011 825 αι’-

66 855 796 948 ρεῖταιτόἀσπιδοπηγείονάντὶτῆςτραπέζης.
817 865 922 927 καίτοι
931 863 961 926 εί
966 849 1010 945 ἧν

66 965 130 1028 ἰδία
140 985 188 1038 τις
201 954 335 1052 ἀφορμὴ
347 956 454 1044 τούτῳ
465 954 548 1042 πρὸς
557 964 596 1044 τῇ
607 956 762 1047 τραπέζη,
784 965 817 1025 τί
827 957 868 1044 δη’
879 956 953 1026 ποτ’
966 953 1009 1024 ἀν
1093 1007 1099 1024 ,

65 1062 165 1127 είλετο
182 1060 279 1125 τοῦτο
297 1062 425 1141 μᾶλλον
440 1049 463 1140 η’
479 1059 623 1141 ἐκείνην;
647 1053 723 1123 οὔτε
739 1053 803 1140 γάρ
813 1053 833 1141 ἡ
845 1054 1010 1140 πρόσοδος

64 1149 108 1242 ἦν
125 1162 261 1241 πλείων,
284 1151 356 1220 ἀλλ’
376 1152 520 1220 ’ἐλάττων
531 1150 580 1240 (τὸ
593 1151 729 1239 μὲνγάρ
740 1153 920 1238 τάλαντον,
940 1150 1008 1239 ἡδ’

64 1249 181 1321 ἑκατὸν
191 1251 435 1338 μνᾶςέφερεν),
457 1248 533 1317 οὔτε
543 1248 580 1318 τὸ
594 1259 700 1338 κτῆμα
710 1250 807 1338 ἥδιον
813 1302 823 1337 ,
842 1257 873 1319 εί
878 1259 1009 1337 προσῆν

63 1352 210 1440 χρήματα
220 1357 260 1440 τῇ
270 1353 409 1443 τραπέζῃ
421 1344 497 1416 ίδια.
514 1347 587 1416 ἀλλ’
600 1347 642 1417 οὐ
654 1357 791 1436 προσῆν.
815 1349 928 1434 διόπερ
941 1368 1009 1415 σω-

64 1457 202 1535 φρονεῖν
219 1452 320 1516 εἵλετο
338 1445 374 1516 τὸ
393 1445 650 1534 ἀσπιδοπηγεῖον
667 1445 795 1516 οὑτοσί·
816 1447 854 1515 τό
872 1445 1069 1533 μὲνγάρρηε

62 1544 152 1632 κτῆμ’
166 1542 347 1612 ἀκίνδυνόν
359 1547 456 1632 ἐστιν,
464 1543 488 1631 ἡ
500 1543 533 1613 δ’
544 1549 679 1632 ἐργασία
690 1545 877 1633 προσόδους
888 1552 1008 1633 ἔχουσα

16 1641 20 1645 ’
62 1643 291 1724 ἐπικινδύνους
301 1640 366 1711 ἀπὸ
378 1643 554 1731 χρημάτων
564 1642 754 1733 ἀλλοτρίων.

20 1807 53 1860 12
145 1787 257 1856 Πολλοὶ
275 1787 307 1856 δ’
325 1785 368 1857 ἀν
386 1815 434 1867 τις
450 1793 517 1876 ἔχοι
527 1793 636 1877 λέγειν
646 1787 702 1860 καὶ
710 1789 936 1859 ἐπιδεικνύναι
947 1808 1008 1875 ση-

60 1901 134 1973 μεῖα
159 1893 226 1953 τοῦ.
240 1893 361 1953 τοῦτον
382 1901 606 1972 συκοφαντεῖν
626 1887 818 1975 ἐγκαλοῦντ’
840 1887 1006 1974 ἀφορμήν.
1071 1921 1075 1928 ·

60 1982 145 2071 ἀλλ’,
170 1982 274 2070 οἶμαι,
296 1984 451 2069 μέγιστον
468 1990 529 2070 μέν
545 1989 633 2053 ἐστιν
649 1985 807 2054 ἁπάντων
828 1987 1005 2079 τεκμήριον

59 2092 120 2152 τοῦ
137 2088 299 2170 μηδεμίαν
314 2090 427 2169 λαβεῖν
439 2079 596 2170 ἀφορμὴν
608 2090 653 2162 είς
663 2092 765 2151 ταῦτα
775 2085 907 2151 τουτονὶ
918 2081 954 2149 τὰ
968 2086 1005 2148 ἐν

58 2191 99 2269 τῇ
110 2181 277 2267 μισθώσει
292 2181 485 2268 γεγράφθαι
501 2190 763 2268 προσοφείλοντα
778 2179 838 2250 τόν
853 2177 1001 2248 Πασίων’

60 2281 112 2346 ἐπὶ
122 2277 184 2365 την
193 2279 370 2366 τράπεζαν,
388 2277 430 2348 οά
442 2280 607 2363 δεδωκότα
618 2278 775 2367 ἀφορμὴν
784 2279 909 2367 τούτῳ,
927 2276 1006 2344 δεύ-
1105 2293 1108 2298 ’

59 2401 156 2459 τερον
172 2381 208 2444 δὲ
224 2377 260 2446 τό
273 2384 394 2456 τοῦτον
402 2381 440 2445 ε’ν
452 2385 493 2466 τῇ
502 2387 589 2466 νομῇ
599 2379 701 2464 μηδὲν
713 2382 915 2462 ἐγκαλοῦντα
926 2381 1006 2461 φαί-

59 2485 192 2562 νεσθαι,
214 2481 325 2561 τρίτον
340 2475 386 2560 δ’,
407 2474 458 2544 ὅτι
474 2476 607 2563 μισθῶν
617 2477 738 2560 ἑτέροις
748 2473 891 2557 ὕστερον
901 2468 1006 2539 ταάτά
1075 2477 1079 2484 “

58 2581 161 2642 ταῦτα
171 2581 233 2641 τοῦ
243 2583 318 2655 ίσου
329 2573 490 2659 ἀργυρίου
502 2572 544 2640 οὐ
555 2575 737 2662 φανήσεται
747 2580 1006 2659 προσμεμισθω-

17 2694 50 2748 13
58 2671 123 2750 κάς
139 2676 226 2739 ίδίαν
242 2669 406 2758 ἀφορμήν.
439 2678 544 2741 καίτοι
561 2678 607 2758 εί,
628 2669 672 2760 ἢν
683 2670 701 2740 ὁ
713 2669 820 2759 πατὴρ
832 2672 1022 2758 παρέσχεν,,

29 2859 31 2863 .
56 2768 126 2856 ὑπὸ,
139 2776 237 2838 τοῦδε
254 2769 471 2860 ἀπεστέρητο,
496 2769 599 2839 αὐτὸν
613 2778 679 2840 νῦν
689 2778 857 2857 προσῆκεν
867 2773 1004 2853 ἐκείνοις
1103 2830 1110 2841 ,

57 2868 203 2937 ἄλλοθεν
215 2867 397 2956 πορίσαντα
408 2875 595 2941 δεδοικέναι.
618 2866 662 2950 ὡς
671 2876 787 2937 τοίνυν
796 2863 883 2936 ταῦτ’
894 2864 1005 2952 ἀληθῆ
1011 2945 1013 2948 ⁴

57 2970 152 3053 λέγω,
163 2972 218 3036 καλ
229 2961 414 3053 ἐμίσθωσεν
422 2967 565 3062 ὕστερον
575 2971 702 3046 Ξένωνι
713 2965 936 3052 καίΕὐφραίφ
948 2965 1004 3030 καὶ
1048 2998 1053 3005 ·

56 3066 211 3153 Εὔφρονι
226 3070 281 3134 καὶ
291 3068 541 3155 Καλλιστράτῳ,
561 3069 616 3135 καὶ
627 3064 705 3135 οὐδὲ
715 3064 844 3141 τούτοις
854 3064 1004 3144 παρέδω-
1043 3089 1048 3101 ·

56 3189 116 3231 κεν
133 3163 405 3252 ίδίανάφορμηυ,
427 3163 510 3233 ἀλλά
520 3165 579 3244 τὰς
590 3162 868 3248 παρακαταθήκας
879 3164 933 3228 καλ
943 3159 1003 3246 την

56 3261 121 3330 ἀπὸ
138 3263 270 3331 τούτων
286 3266 441 3349 ἐργασίαν
455 3261 566 3349 αὐτὴν
584 3260 829 3347 ἐμισθώσαντο,
851 3261 934 3345 λαβὲ
947 3283 1003 3342 μοι

55 3359 117 3448 την
131 3361 262 3431 τούτων
278 3367 481 3449 μαρτυρίαν,
502 3363 557 3430 καί
576 3357 620 3440 ὡς
636 3356 674 3428 τὸ
686 3356 944 3444 ἀσπιδοπηγεῖον
956 3359 1004 3421 εἴ·
1108 3419 1110 3428 ,

56 3467 138 3531 λετο.
362 3455 372 3470 “
897 3460 902 3471 ’
959 3470 982 3489 ’·
