2318 3894
166 239 207 303 ιο
371 244 442 302 xx1.
477 239 894 303 Διιιιοῑοιεαονιι
994 208 1000 221 '

164 499 252 587 πλην
262 497 394 587 ἀσεβεῖν
406 499 572 585 φήσομενς

124 615 156 668 56
248 601 313 666 Καὶ
323 595 390 684 μην
400 606 468 664 ίστε
478 622 517 682 γε
527 594 633 682 τοῦθ’,
641 594 1129 684 ὅτιβουλόμενοιμηδένὀἰγυ-·

164 703 313 777 νίζεσθαι
324 699 419 775 ξένον
431 693 494 764 οὐκ
511 695 654 764 ἐδώκατε
666 693 779 774 ἁπλῶς
795 703 864 764 τῶν
879 703 1036 782 χορηγῶν
1053 693 1108 764 οὐ·

92 885 94 889 .
165 799 235 863 ιλενλ
252 797 514 878 προσκαλέσαντι
531 792 610 874 τούς
620 792 778 880 χορευτὰς
794 808 949 879 σκοπεῖν,
973 792 1042 863 ἄλλ’
1054 792 1108 863 ἐὰν

164 893 373 982 μὲνκαλέση,
396 894 602 981 πεντήκοντα
613 890 777 980 δραχμὰς,
798 893 858 961 ἐὰν
869 893 905 962 δὲ
915 898 1108 974 καθίζεσθαι

164 992 314 1079 κελεύση,
325 998 429 1076 χιλίας
439 990 607 1060 ἀποτίνειν
617 993 757 1072 ἐτάξατε.
778 991 1006 1073 τίνοςὲνεκας
1024 989 1109 1071 ὅπως

163 1088 207 1176 μὴ
216 1088 278 1158 τὸν
289 1093 561 1176 ἐστεφανωμένον
570 1092 625 1158 καὶ
635 1096 891 1175 λειτουργοῦντα
899 1091 1110 1180 τῶθεῷταύ-

163 1214 225 1275 τυ
242 1188 303 1274 τὴν
319 1186 446 1275 ἡμῶν
464 1196 549 1278 καλεῖ
561 1187 638 1276 μηδ’
653 1189 812 1277 ἐποοεάίο
829 1186 908 1274 μηδ’
920 1185 1110 1278 ὑβείλννν

121 1290 153 1347 57
164 1289 231 1367 θεὶς
241 1291 432 1374 ἐξεπίτηδες.
464 1286 532 1356 εἶτα
548 1286 610 1356 τὸν
626 1289 687 1374 μὲν
702 1283 864 1372 χορευτὴν
882 1283 990 1382 offis&
1005 1305 1110 1372 προσ-

163 1391 303 1466 καλέσας
313 1385 396 1454 κατὰ
407 1384 467 1454 ιὸν
478 1389 585 1472 νόμον
595 1384 728 1474 ἀζήμιος
738 1391 839 1470 ἔσται,
850 1383 910 1453 τῶν
921 1384 958 1453 δὲ
968 1384 1110 1473 χορηγὸν

164 1483 237 1552 οὐδ’
261 1483 279 1553 ὁ
302 1485 473 1568 συγκόψας
497 1484 586 1567 παρὰ
613 1484 738 1562 πάντας
765 1480 845 1561 τούς
870 1482 997 1568 νόμους
1026 1483 1110 1551 οὕτω

164 1591 316 1668 φανερῶς
337 1584 436 1649 δώσει
464 1587 576 1667 ὅίκηνς
610 1579 694 1648 ἀλλὰ
718 1581 785 1666 μην
813 1578 912 1648 οὐδέν
938 1579 1018 1648 ἐστ’·
1032 1579 1111 1667 ὄφε-

163 1689 220 1758 λος
252 1686 359 1757 καλῶς
392 1680 446 1746 καὶ
479 1679 729 1764 φιλανθρώπως
762 1678 840 1758 τοὺς
870 1679 997 1765 νόμους
1029 1677 1111 1763 ὑπὲρ

31 1845 34 1850 ,
163 1785 231 1844 τῶν
250 1783 383 1844 πολλῶν
405 1778 554 1862 κεῖσθαι,
579 1783 615 1845 εί
638 1791 706 1856 τοῖς
728 1775 906 1846 ἀπειθοῦσι
925 1779 982 1845 καὶ
1003 1783 1112 1866 βιαζο-

163 1872 275 1960 μένοις
298 1871 456 1961 αῶτούςὴ
476 1873 551 1962 παρ’
564 1873 664 1963 ὑμῶν
681 1873 763 1963 ὀργὴ
780 1883 849 1944 τῶν
866 1872 917 1944 ἀεὶ
928 1873 1155 1963 κυρίυυμηςηε

163 1973 344 2060 γενήσεται.

121 2090 155 2144 58
250 2077 335 2161 Φέρε
346 2075 386 2161 δὴ
398 2073 481 2159 πρὸς
490 2083 584 2143 θεῶν
594 2073 728 2161 κάκεῖνο
746 2079 934 2156 σκέψασθε,
952 2074 1122 2161 παραιτη.

165 2192 264 2258 σομαι
272 2171 307 2241 δ’
319 2171 406 2261 ὑμᾶς
416 2178 520 2262 μηδὲν
532 2172 746 2262 ἀχθεσθῆναί
753 2200 824 2260 μοι,
844 2172 904 2242 ἐὰν
914 2175 967 2241 ἐπὶ
979 2191 1109 2260 συμφο-

106 2305 109 2310 ’
165 2285 237 2356 ραλς
247 2281 349 2341 τινῶν
358 2275 546 2359 γεγονότων
558 2270 715 2360 ὀνομαστὶ
725 2278 868 2359 μνησθῶ
874 2295 882 2310 ·
894 2266 1014 2356 οὐγὰρ
1025 2267 1111 2338 ὀνει-

165 2375 253 2439 δίσαι
264 2371 309 2458 μοὶ
321 2372 400 2451 τούς
416 2371 520 2451 θεοὺς
536 2371 649 2440 οὐδενὶ
666 2368 803 2455 δυσχερὲ
805 2396 821 2447 ς
789 2366 915 2436 ὲὲοὐθ
916 2392 937 2433 ν
947 2366 1111 2454 βουλόμι·

157 2480 222 2546 νος
232 2495 330 2537 τουτο
338 2470 475 2554 ποιησαι,
483 2467 566 2536 αλλα
575 2473 640 2546 δεῖ
625 2473 718 2546 ξαιτο
708 2466 801 2552 βιαζ
785 2467 959 2547 ζεσθαικαὶ
967 2463 1110 2553 ὑβρίζειν

164 2564 269 2632 καλ
232 2591 272 2631 τα
291 2572 427 2630 τοιαῦτα
438 2578 545 2642 ποιεῖν
555 2562 600 2642 ῶς
611 2563 752 2644 ἅπαντες
765 2563 857 2652 ὑμεῖς
874 2569 910 2633 οί
919 2565 1016 2633 ἄλλοι
1028 2564 1111 2652 φεύ-

164 2687 247 2747 γετε
266 2669 380 2730 Σαννί
380 2688 427 2730 ων
365 2665 504 2750 ίέστὶ
515 2663 624 2749 δήπου
634 2659 708 2742 τιςό
720 2689 798 2743 τους
807 2688 984 2750 τραγικους
993 2687 1111 2749 χορονς

49 2802 58 2819 ·
163 2760 346 2827 θιθασκων·
371 2753 469 2850 ουτος
486 2759 677 2885 αστρατείας
706 2759 774 2845 η’λω
791 2763 847 2829 καὶ
857 2760 1012 2846 κέχρηται
1023 2780 1110 2848 σνμ

122 2876 155 2930 59
165 2865 264 2946 φορᾷ.
294 2883 415 2926 τουτον
432 2884 513 2945 μετα
530 2857 594 2946 ,τὴν
608 2886 690 2945 ατυχ
692 2865 747 2927 ίαν
760 2860 887 2947 ταύτην
902 2857 1110 2946 ἐμισθώσατό

164 2981 213 3032 τις
224 2964 426 3040 φιλονεικῶν
434 2955 575 3044 χορηγὸς
585 2957 830 3047 τραγοοδῶν,
796 2985 896 3045 ομαι,
909 2964 992 3039 Θεοζ
976 2964 1107 3045 ζοτίσης.

164 3079 200 3120 το
191 3047 326 3138 μὲν
285 3080 348 3122 ουν
358 3064 491 3139 πρῶτον
501 3083 711 3145 ηγανακτουν
717 3061 752 3124 ολ
760 3054 969 3145 αντιχορηγοὶ
978 3060 1036 3127 καὶ
1044 3082 1110 3126 κω-

164 3149 483 3239 λύσεινέφασαν,’
460 3181 504 3234 ως
524 3152 557 3221 θ’
569 3155 747 3241 ἐπληρώθη
762 3182 805 3224 το
795 3157 970 3249 θέατρον
985 3154 1111 3225 καὶτὸν

163 3246 264 3332 ὄχλον
276 3253 530 3337 συνειλεγμένον
546 3251 636 3321 εἶδον
652 3251 756 3319 ἐπὶ
722 3279 783 3321 τον
789 3251 926 3340 ἀγῶνα,
940 3253 1110 3340 ῶκνησαν,

163 3354 288 3431 είασαν,
301 3345 442 3427 οὐδείς’
419 3362 537 3435 ηψατο,
550 3347 633 3417 ἄλλα
644 3360 807 3418 τοσοῦτον
822 3378 880 3438 της
891 3350 1060 3440 ευσεβείας
1076 3353 1112 3418 ἐν

163 3442 289 3533 ἕκαστα
301 3470 350 3525 τις
358 3473 402 3515 αν
411 3472 509 3534 υμῶν
520 3446 629 3525 ίδοι
595 3474 634 3518 το
645 3447 898 3536 συγκεχωρηκὸς
916 3449 1001 3519 ὥστε
1022 3449 1114 3518 πιλνι
