2318 3894
488 88 556 125 ¹¹!

245 258 388 322 xm
412 216 806 317 TJMOKPAT'm.
942 250 1005 314 ιιι

11 434 46 488 23
131 417 243 500 ’Ἀξιον
255 423 370 487 τοίνυν
382 417 436 484 καὶ
446 410 537 483 τοῦτ’
551 397 672 496 είπεζυ,
694 410 777 479 ὅσον
787 409 880 496 ύμεϊς
891 409 1025 495 διαφέ-Ι

56 510 196 602 pem-⁰3
213 515 333 599 ἀνδρες
349 515 514 605 δικασταὶ,
535 508 815 599 μεγαλοφροσύνη
830 518 898 578 τῶν
909 509 1009 599 ρητό-

57 641 135 701 ρων.
167 612 243 699 ύμει
244 639 261 690 ς
277 616 339 697 μέν
353 637 391 697 γε
408 638 447 678 τα
435 611 516 678 ἐπὶ
527 635 572 698 up
561 609 707 696 πλήθει
719 610 1007 694 νενομοθετημένα

58 709 166 800 δεινοὶ,
189 710 248 779 έύυ
259 735 336 794 τιςη
323 704 484 793 διχόθεν
495 714 687 795 μισθοφορῇ
699 702 721 794 ἦ
732 705 795 792 όφε
796 713 878 783 ίλων
888 733 934 797 ιφ
919 710 1008 791 δη-

57 815 159 898 μοσίςο
179 807 372 892 ἐκκλησιάζῃ
389 801 568 892 ἢδικάζηῆ
582 802 664 873 ἀλλο
675 832 707 872 τι
718 813 797 892 ποιῇ
808 796 856 872 όν
867 804 949 873 oc
909 824 1007 890 νομοι

57 905 334 1024 ἀπαγορεύουσιν,
346 928 388 970 ου
377 901 502 986 ’λύετε,
515 903 570 970 καὶ
579 900 674 968 ταῦτ’
686 928 702 970 ε
703 899 838 979 ίδότες”
818 928 869 970 οτι
876 899 935 969 διδ
947 927 1007 969 πε-

34 1090 36 1094 .
57 1000 165 1072 νίαν’“
144 1029 188 1071 αν
199 1003 367 1089 ποιήσειεν
379 999 398 1069 ὁ
408 1003 539 1068 τουτων
548 1026 579 1067 τι
590 1021 706 1085 ποιων,
714 997 843 1068 ουδὲ
803 1026 927 1086 υομους
936 1026 1008 1068 τοι·

60 1101 178 1178 ούτους
189 1098 335 1182 τίθεσθ’
352 1098 441 1176 ὅπως
452 1102 582 1177 ἐξουσία
593 1103 682 1165 ἔσται
692 1101 899 1186 ἐξαμαρτεῖν,
921 1094 1006 1164 ἀλλά

60 1196 296 1266 τούναυτίον”
276 1222 365 1274 οπως
381 1198 444 1282 μή·
466 1188 559 1263 οὗτοι
577 1193 621 1278 δ’,
645 1195 735 1273 ὅπως
752 1191 835 1262 οί
799 1221 840 1261 τα
859 1203 1008 1278 αίσχιστοι

15 1295 166 1370 mal
131 1322 171 1362 τα
180 1294 360 1362 δεινότατα
376 1300 548 1372 ποιοῦντες
568 1298 662 1379 δίκην
672 1318 715 1379 μη
704 1291 904 1369 δύσουσιν.
939 1291 1008 1360 εἶτα

59 1378 389 1483 προπηλακίζουσινθ
370 1398 457 1485 υμοῖς
467 1395 534 1480 ίδίηι
544 1389 613 1469 τοῖς
622 1387 779 1477 λόγοις,“
755 1417 799 1470 ως
810 1387 904 1466 αύτολ
913 1393 1008 1459 καλοὶ

58 1489 219 1575 κάγαθοὶ,
243 1494 402 1608 πονηρόν
422 1486 517 1556 μαλ’
499 1514 582 1577 αχαρ
584 1495 684 1557 ίστων
706 1494 845 1556 οἰκετων
864 1488 1009 1573 τρόπους
1129 1487 1134 1495 ’

59 1594 194 1673 ἔχοντες.
217 1585 321 1655 καὶ
282 1613 345 1673 γαρ
357 1589 511 1672 ἐκείνων,
522 1614 548 1655 ω
537 1580 682 1672 ἀνδρός
697 1585 901 1672 δικασταλ,”
879 1605 954 1654 οσοι
964 1579 1008 1651 ἀν
1041 1623 1043 1628 ·

58 1686 230 1779 ἐλεύθεροι
246 1688 422 1770 γένωνται,
446 1682 487 1752 ού
504 1691 562 1771 τῆς
577 1688 769 1771 ἐλευθερίας
785 1686 883 1773 χάριν
895 1691 1006 1769 έχουσι

57 1799 125 1861 τοῖς
134 1782 318 1868 δεσπόταις,
329 1780 412 1850 ἀλλά
423 1791 558 1868 μισούσι
569 1782 709 1871 μάλιστα
719 1784 856 1860 πάντων
868 1779 1005 1866 ἀνθρύ-

58 1906 147 1966 πωυ,
170 1879 220 1949 ότι
231 1886 405 1950 συνίσασιν
415 1878 527 1960 αὑτοῖς
538 1882 766 1950 δουλεύσασιν.
800 1877 887 1949 οὕτω
900 1879 939 1966 δὴ
951 1883 1006 1947 καλ

59 1971 152 2072 οὗτοι
173 1982 208 2046 οί
225 1977 361 2064 ῥήτορες
382 1976 447 2052 οὐκ
458 1977 630 2063 ἀγαπῶσιν
641 1983 677 2049 ἐκ
691 1979 842 2064 πενήτων
853 1974 1006 2046 πλούσιοι

59 2075 123 2145 ἀπὸ
135 2085 192 2163 της
204 2077 331 2155 πόλεως
341 2077 546 2162 γιγνόμενοι,
559 2074 643 2146 ἀλλὰ
661 2079 716 2144 καὶ
727 2081 1006 2162 προπηλακίζουσι

58 2202 95 2243 το
85 2173 274 2260 πλῆθος,’
254 2200 305 2241 οτι
316 2173 522 2242 σύνοιδευ’
481 2182 594 2242 αυτόν
604 2175 751 2252 εκάστοις
761 2173 801 2241 τά
812 2178 848 2241 έν
858 2183 898 2261 τῇ
908 2178 1007 2259 πενία

17 2328 41 2367 ,
57 2275 111 2342 και
123 2271 253 2354 νεότητι
264 2271 510 2357 ἐπιτηδεύματα.

13 2404 49 2457 25
140 2366 238 2435 Αλλα
249 2395 292 2454 νη
281 2365 360 2436 Δι
362 2367 521 2456 αλσχρου
533 2363 644 2448 ἴσως
622 2396 666 2456 ην
674 2368 894 2457 Αυδροτίωυα
905 2373 1009 2454 δεθη

59 2497 114 2538 ναι
131 2463 626 2555 ηΓλαυκέτηνηΜελύυωπον·
649 2465 817 2555 ούμάτόν
827 2464 896 2553 Δίς
910 2459 1009 2534 οάύῖυ-

59 2574 137 2651 δρες
145 2569 311 2653 δικασταὶ
323 2564 406 2636 αλλα
416 2565 502 2635 πολν
515 2566 687 2652 αλσχιον
652 2593 714 2653 την
723 2566 822 2636 πολιν
832 2564 1010 2653 αδικουμέ

58 2693 122 2751 νην
143 2669 198 2735 καὶ
219 2618 440 2831 ὑβριζομένην
460 2691 505 2752 μη
526 2672 641 2752 λαβεῖν
664 2668 760 2751 δίκην
780 2666 834 2732 καὶ
851 2661 935 2750 ὑπὲρ
952 2671 1009 2750 τῆς

59 2772 145 2831 θεοῦ
160 2762 252 2832 καλ“
234 2768 296 2831 υπέ
297 2790 317 2849 ρ
336 2761 446 2851 αύτης.
480 2765 549 2832 ἐπεὶ
558 2760 771 2846 Ἀνδροτίωνί
782 2789 820 2850 γε
832 2762 954 2848 πότερα
966 2753 1008 2830 ού

60 2885 215 2948 παπρφου
230 2860 267 2929 τό
287 2868 456 2951 δεδέσθαι;
477 2860 551 2930 ἀλλ’
569 2861 663 2931 αὐτοὶ
679 2859 1004 2941 ίστεπολλάςπεντε
1016 2882 1069 2939 τις

18 3019 22 3026 .
58 2984 119 3045 τηρ
121 2962 192 3036 ίδοις
203 2962 239 3025 έν
248 2985 293 3047 τω
282 2947 491 3049 δεσμωτηρί
489 2987 514 3051 φ
527 2959 786 3045 διατρίψαντα
753 2987 813 3029 τον
824 2957 934 3043 πατέρ’
946 2959 1009 3025 αύ-

15 3064 119 3143 ηςτού
136 3059 191 3124 καὶ
208 3053 416 3145 ἀποδράντα,
438 3057 513 3128 ἀλλ’
526 3057 588 3127 ούκ
600 3057 778 3143 ἀφεθέντα.
807 3055 891 3124 ἀλλά
903 3053 956 3122 διά
968 3052 1008 3125 τὰ

58 3153 297 3242 ἐπιτηδεύματα
313 3156 353 3222 τόι
371 3156 591 3245 έυτῇὴλικίηις
615 3154 698 3223 ἀλλὰ
709 3152 828 3223 καὶδιά
837 3158 942 3220 ταῦτα
952 3157 1009 3220 δε-

58 3256 178 3320 δέσθαι
194 3250 288 3342 αύτῷ
305 3250 365 3338 ούχ
376 3245 476 3339 ἦττον
486 3249 677 3340 προσήκειῆ
688 3249 732 3320 δι’
747 3249 831 3337 ἅπερ
843 3247 1005 3336 ὑφείλετο.

58 3346 80 3436 ἢ
94 3349 144 3419 ὅτι
155 3349 255 3439 είσῄει
266 3355 314 3429 εἰς
322 3349 383 3436 τὴν
393 3348 520 3441 ἀγορὰν
530 3349 593 3423 οὐκ
605 3350 679 3431 έξδυ
689 3348 797 3439 αύτῷ,
813 3351 868 3418 καὶ
879 3355 914 3418 ἐκ
924 3349 1009 3416 ταύ-

58 3474 115 3533 της
130 3447 208 3527 τούς
225 3448 408 3534 σωφρόνως
423 3450 624 3538 βεβιωκότας
641 3447 740 3527 αύτδς
750 3443 833 3536 ἦγεν
845 3454 891 3528 εἰς
901 3444 939 3515 τό
950 3451 1007 3537 δε·Ι
