2318 3894
119 194 181 263 18.
336 196 396 260 XX
435 190 852 259 ΔΗΜΟΣΘΕΝΟΤΣ

99 364 244 429 “τονσοιν
252 356 316 444 τὴν
325 355 425 423 πόλιν
433 349 686 439 ἡμύνπονηράς
696 348 793 435 δόξης
803 345 1067 436 ἀναπλήσεηέἀτ

117 460 155 523 τό
165 481 198 524 τι
208 461 320 543 συμβη·
331 450 426 534 κοτὲ,
438 453 560 534 ἔρημον
571 455 639 514 τῶν
649 447 882 533 ἐθελησόντων
890 445 1026 533 ἀγαθόν
1036 474 1068 517 τι

118 567 226 623 ποιεῖν
235 548 438 635 καταστήσει.

75 662 109 717 ⁶1
203 647 265 720 Ού
272 652 387 715 τοίνυν
397 644 520 730 μόνον,
541 636 570 711 ὦ
580 641 699 728 ἀνδρες
707 643 893 731 Ἀθηναῖοι,
909 645 992 723 τοὺς
1000 648 1067 732 ίδίηι

116 747 259 864 γνόντας
280 736 320 812 εὖ
340 757 447 811 ποιεῖν
467 738 553 828 ὑμᾶς
573 744 627 809 καὶ
644 743 872 861 παρασχόντας
887 749 1067 828 χρησίμους

117 839 239 921 αύτούς
249 843 301 909 ἐπὶ
310 839 515 926 τηλικούτων
524 840 579 907 καὶ
589 840 751 907 τοιούτων
761 847 903 962 καιρβν,
920 843 1001 907 οἴων
1011 866 1067 925 μι-

116 948 186 1030 κριβ
196 963 358 1025 προτερον
369 943 526 1023 Φορμίων
538 934 803 1024 διεξεληλνθε
759 964 851 1023 καγω
862 964 928 1004 νυν
939 947 1066 1023 εἴρηκα,

116 1037 211 1119 ἄξιόν
227 1038 316 1103 ἐστιν
327 1030 555 1121 εὐλαβηθῆναι
566 1033 736 1122 ἀδικῆσαι,
758 1033 842 1106 ἀλλά
855 1037 910 1104 καὶ
921 1032 1065 1112 πολλούς

115 1133 251 1214 ἄλλους,
263 1130 415 1208 οθπόλεις
426 1127 522 1216 ὅλας,
533 1128 592 1208 τάς
603 1133 731 1199 ἑαυτων
742 1135 916 1217 πατρίδας,
932 1132 1067 1218 συμμύ-

114 1256 194 1318 χονς
208 1227 287 1316 ἡμιν
304 1230 356 1295 ἐπὶ
366 1235 427 1294 τού
438 1223 520 1312 πρὸς
530 1233 811 1315 Λακεδαιμονίους
821 1233 969 1316 πολέμου
979 1252 1065 1314 παρ-

115 1335 229 1418 ἐσχον,
248 1328 304 1397 καὶ
320 1323 509 1446 λέγοντες“
486 1353 507 1393 α
520 1334 683 1415 συμφέρει
698 1335 738 1415 τῇ
758 1328 851 1396 πόλει
868 1356 907 1417 τη
892 1325 1065 1414 ύμετέρη

116 1425 405 1514 καλπράττοντες·
417 1415 465 1491 ἀν
481 1428 563 1491 ἔνιοι
579 1421 686 1491 διά
649 1449 711 1509 την
728 1423 810 1508 πρὸς
826 1422 913 1545 ὑμᾶς
929 1424 1066 1494 εύνοιαν

72 1529 349 1610 δλστέρονταιτης
357 1512 571 1603 πατρίδος
542 1547 591 1589 ων
599 1522 768 1606 ἐπέρχεται
772 1550 827 1608 μοι
836 1548 988 1609 πρωτους
998 1526 1067 1603 ἐξε-

114 1623 212 1693 τόσαι
228 1618 306 1699 τούς
322 1623 359 1689 ἐκ
375 1624 551 1705 Κορίνθου
569 1619 748 1705 φυγόντας
783 1619 1010 1708 ἀναγκάζομαι
1030 1621 1065 1689 δὲ

114 1715 222 1808 λέγειν
238 1718 321 1843 πρὸς
337 1715 553 1804 ύμάςταῦτα,
574 1714 686 1840 ἄκυρ’
697 1715 793 1803 ύμων
804 1745 871 1786 των
883 1722 1067 1806 πρεσβυτέ·

117 1848 187 1945 ρων
208 1817 307 1900 αύτδς
328 1815 464 1903 ἀκήκοα.
497 1842 537 1884 τα
526 1811 674 1902 Ημέν
631 1842 695 1884 ουν
710 1815 830 1885 ἀλλα“
810 1836 873 1885 οσα
880 1824 1065 1942 χρησίμους

116 1912 477 2007 ἡμλνὲαυτούςὲκελυοι
498 1914 664 1999 παρέσχον
691 1915 794 1983 ἐάσω·
814 1913 888 2003 ἀλλ’
905 1914 962 1985 ὅθ’
974 1912 1063 2004 ἡμε-

116 2012 1065 2106 γάλημάχηπρὸςΛακεδαιμονίουςἐγένετοηἐνΚορίνθω,

117 2123 185 2184 τοῖν
202 2117 238 2181 ἐν
254 2119 296 2199 τῇ
312 2111 406 2181 πόλει
422 2114 700 2197 βουλευσαμένων
712 2109 794 2198 μετά
812 2110 873 2199 τὴν
893 2111 1000 2199 μάχην
1019 2110 1064 2200 μὴ

74 2216 271 2299 όδδέχεσθαι
282 2218 329 2300 τῷ
338 2215 433 2295 τείχει
443 2206 521 2287 τούς
532 2209 747 2295 στρατιώτας,
769 2207 853 2278 ἀλλὰ
865 2209 1065 2297 πρόςιλακε·

118 2315 307 2395 δαιμονίους
317 2308 626 2395 ἐπικηρυκεύεσθαι,
639 2305 783 2393 ὁρῶντες
791 2306 995 2396 ἠτυχηκυῖαν
1004 2308 1066 2396 τὴν

117 2409 216 2477 πόλιν
237 2409 291 2474 καὶ
310 2415 368 2491 της
385 2406 534 2490 παρόδου
552 2413 756 2490 κρατοῦντας
771 2411 1065 2493 Λακεδαιμονίους,

118 2503 191 2592 ούχὶ
209 2501 409 2589 προῦδωκαν
426 2498 501 2568 οὐδ’
520 2503 762 2589 ἐβουλεύσαντο
774 2509 840 2590 ίδίηι
850 2507 925 2589 περὶ
935 2514 994 2592 τῆς
1003 2503 1067 2576 αὖ·
1075 2513 1110 2571 λλλ

117 2612 185 2675 τῶν
196 2607 366 2689 σωτηρίας,
377 2598 459 2669 ἀλλά
471 2607 611 2687 πλησίον
621 2600 731 2670 όντων
741 2601 821 2689 μεθ’
833 2601 947 2672 ότλων
957 2600 1068 2673 ἁπάν·

117 2730 185 2773 των
193 2694 475 2786 Πελοποννησίου
491 2697 641 2791 ἀνέῳξαν
656 2699 715 2781 τάς
727 2702 833 2781 πύλας
841 2699 923 2788 ἡμῖν
931 2709 989 2791 βίςι
998 2710 1067 2772 τοῖν
1095 2699 1098 2705 ’

115 2809 261 2885 πολλῶν,
272 2799 327 2866 καὶ
339 2804 465 2883 μᾶλλον
476 2801 602 2868 εἵλοντο
613 2798 686 2886 μεθ’
698 2795 794 2886 ὑμῶν
803 2808 872 2868 τοῖν
883 2800 956 2869 τότε
966 2819 1068 2886 στρα·

118 2901 348 2983 τευσαμίνων,
359 2904 393 2964 εί
397 2922 429 2963 τι
442 2898 521 2981 δέοι,
534 2898 671 2984 πάσχειν
681 2893 704 2984 ἦ
713 2900 812 2983 χωρὶς
822 2895 1069 2985 ὑμῶνάκινδύ-
1095 2905 1098 2912 “

119 3025 186 3077 υως
202 3001 387 3078 σεσῶσθαι,
407 2997 463 3064 καὶ
472 2998 650 3081 εἰσέφρουν
659 2996 697 3065 τὸ
711 2995 913 3084 στράτευμα,
935 3001 991 3069 καὶ
1002 2999 1070 3067 διό·

75 3111 232 3168 θλσωσαν
251 3096 306 3163 καὶ
321 3090 410 3180 ὑμεῖς
424 3095 479 3162 καὶ
495 3092 574 3175 τούς
584 3095 784 3181 συμμάχονς.
817 3094 928 3181 ἐπειδὴ
940 3097 977 3167 δδ
986 3093 1069 3181 πρὸς

119 3196 400 3277 Λακεδαιμονίους
411 3190 523 3279 εἰρήνη
535 3191 721 3278 μετάταύτ’
733 3193 879 3279 ἐγένετο,
901 3190 1071 3280 ἡέιτλἈν·

120 3294 294 3378 ταλκίδου,
306 3287 380 3360 ἀντὶ
390 3297 459 3359 τοδν
469 3297 576 3377 ἔργων
587 3290 714 3360 τούτων
724 3286 789 3360 ὑπὸ
797 3295 1070 3378 Λακεδαιμονίων

122 3393 283 3472 ἐξέπεσον.
302 3384 582 3474 ύποδεξάμενοιδ
595 3385 687 3473 ὑμεα
698 3385 1071 3475 αύτούςέποιήσατιέο-
