2318 3894
310 233 495 314 ..ντΑΤΑ
525 237 808 337 Ματαιοα
903 260 908 269 -
994 227 1035 304 το

93 399 228 474 Μειδίας
236 401 361 482 ἔρημον
369 387 460 480 ἀφλε
469 392 1035 484 δίκην,ἀπάντων’ἀπεστέρηταιτῶν

92 500 174 583 ἀυτή
184 494 281 572 πόλει
292 494 348 560 καὶ
357 493 512 573 καθάπαξ
522 493 635 581 ἄτιμος
644 501 770 580 γέγονε,
778 496 833 562 καὶ
842 494 917 562 οάτε
925 504 1035 583 λαχεῖν

91 592 291 679 ἀδικηθέντα
302 590 379 659 οὔτε
390 591 556 677 διαιτητὴν
567 595 723 676 γενέσθαι
732 596 857 681 Μειδία
869 592 943 662 οὔδ’
951 594 1036 674 ὅλως

61 691 147 777 ῖθτήν
159 686 268 774 αὐτήν
278 684 359 755 ὁδδν
371 693 523 775 βαδίζειν,
537 685 579 765 ὡς
590 694 706 774 ἔοικεν,
718 687 784 757 ἔστ’
801 688 956 776 ἀσφαλές.
988 699 1040 761 δεῖ

90 785 239 874 δήτοῦτο
251 782 289 853 τδ
301 793 435 870 πρᾶγμα
446 783 532 871 ἀμοῖς
542 783 662 852 οὑτωσὶ
673 791 868 873 σκέψασθαι,
878 792 933 858 καλ
944 798 1036 875 λογί-

89 889 254 952 σασθαιτί
258 879 326 950 ποτ’
335 881 449 951 ἐστὶνδ
454 881 723 964 ποδωνΜειδίας
731 885 836 966 οὕτως
845 885 1035 976 ω’μδντηλι-

88 983 215 1066 ταύτην·
235 980 455 1066 ἐπεβούλευσε
476 988 591 1067 λαβεῖν
610 988 679 1049 τῶν
694 989 942 1072 πεπραγμένων
952 985 1030 1073 παρ’
1043 996 1096 1051 543

40 1128 45 1142 .
88 1076 210 1164 ἀνδρὸς
221 1086 358 1158 πολίτου
369 1083 481 1165 δίκην,
502 1074 568 1146 κάν
577 1073 710 1167 μδνήτι
721 1083 833 1151 δεινὸν
844 1081 888 1163 ὡς
899 1081 1035 1170 ἀληθοῦς

63 1175 339 1262 Ικτιλὺπεριγυὲς,
363 1175 563 1263 συγγνώμην
573 1182 673 1262 ἔχειν,
696 1177 755 1246 ἐάν
765 1179 801 1246 δὲ
810 1180 931 1268 μηδὲν,
949 1179 1035 1247 θεά-

88 1273 267 1360 σασθετήυ
277 1272 449 1357 ἀσέλγειαν
459 1277 514 1342 καὶ
526 1273 587 1358 τήν
600 1271 765 1361 ω’μότητα,
787 1269 809 1363 ᾗ
826 1276 908 1346 καθ’
926 1275 1034 1345 ἀπάν-

86 1395 153 1441 των
164 1379 282 1458 χρήται
292 1378 360 1438 τῶν
370 1371 648 1456 ἐντυγχανόντων.
677 1380 710 1438 τί
720 1365 784 1439 οάν
795 1372 869 1440 ἔσθ’
882 1373 1034 1442 δπέπον-

86 1481 165 1552 δενς
189 1469 338 1556 μεγάλην
350 1469 390 1555 νὴ
402 1468 459 1537 Δί’
474 1462 565 1554 ὦφλε
577 1473 688 1556 δίκην,
711 1474 765 1539 καλ
775 1472 941 1558 τοσαύτην
954 1470 1032 1540 ὥστ’

49 1568 343 1652 θοάποστερεῖσδαι
358 1576 427 1634 τοῖν
442 1566 564 1636 ὄντων·
587 1565 670 1648 ἀλλά
685 1575 800 1653 χιλίων
809 1566 834 1656 ή
842 1574 915 1656 δίκη
927 1571 1034 1656 μόνον

85 1661 130 1754 ήν
141 1672 309 1753 δραχμῶν.
349 1666 440 1732 πάνν
453 1691 507 1750 γε,
528 1663 612 1733 ἀλλά
625 1666 929 1752 δάκνετκαλτοῦτο,
951 1675 1032 1755 φαίη

86 1792 133 1844 τις
149 1759 210 1849 ἀν,
232 1761 316 1830 ὅταν
332 1766 472 1831 ἐκτίνειν
488 1761 609 1842 ἀδίκως
619 1766 692 1852 δέη,
715 1769 839 1853 συνέβη
856 1770 892 1834 δὲ
908 1764 1033 1853 ὑπερη-

87 1865 174 1951 μέρῳ
187 1858 697 1951 γενομένωλαδεῖναάτῷδιάτδ
715 1860 923 1949 ἀδικηθῆναι.
957 1862 1031 1933 ἀλλ’
1116 1908 1122 1913 ·

86 1954 284 2046 αὐθημερὸν
292 1959 352 2045 μὲν
361 1957 501 2048 ᾔσθετο,
518 1956 602 2028 δκαὶ
612 1962 766 2047 μέγιστόν
779 1964 847 2029 ἐστι
856 1963 1034 2050 τεκμήριον

85 2068 148 2127 τοῦ
156 2055 461 2147 μηδδνήδικηκέναι
471 2055 532 2124 τδν
542 2057 740 2145 ἄνθρωπον,
763 2057 911 2146 δραχμήν
928 2059 959 2126 δ’
973 2057 1033 2127 οὐ·

51 2159 174 2230 ῖοδέπω
186 2163 267 2244 μίαν
277 2158 447 2224 ἐκτέτικεν.
470 2154 553 2223 ἀλλά
564 2157 610 2242 μή
621 2181 672 2224 πω
682 2150 789 2224 τοῦτο.
823 2154 905 2223 ἀλλά
916 2155 977 2240 τήν
986 2154 1031 2241 μή

85 2248 194 2323 οὖσαν
210 2251 395 2340 ἀντιλαχεῖν
410 2250 501 2340 αὐτῷ
518 2257 594 2338 ἐξῆν
613 2255 736 2340 δήπου,
757 2257 812 2322 καὶ
829 2253 910 2338 πρὸς
924 2252 979 2339 ἐμὲ
994 2251 1031 2320 τδ

84 2360 221 2439 πρᾶγμα
241 2351 529 2437 καταστήσασθαι,
552 2349 635 2433 πρὸς
649 2342 761 2442 ἰἷγπερ
783 2354 815 2430 ἐξ
837 2349 938 2436 ἀρχῆς
952 2344 1032 2435 ήυή

86 2454 167 2537 δίκη.
202 2446 275 2518 ἀλλ’
288 2446 350 2518 οάκ
367 2449 532 2536 ἐβούλετο.
560 2447 635 2517 ἀλλ’
647 2453 701 2518 ἵνα
712 2448 756 2536 μή
768 2453 909 2527 Μειδίας
919 2446 1035 2533 ἀτίμη-

84 2575 144 2616 τον
153 2545 357 2634 ἀγωνίσηται
370 2551 449 2616 δέκα
459 2557 554 2634 μνῶν
566 2551 672 2634 δίκην,
685 2545 769 2634 πρὸς
778 2546 822 2636 ἣν
834 2546 895 2616 οὐκ
905 2544 1034 2634 ἀπήντα

86 2651 178 2736 δέον,
191 2651 248 2716 καλ
260 2653 290 2715 εί
297 2646 358 2732 μὲν
369 2644 515 2733 ήδίκηκε,
529 2651 625 2733 δίκην
637 2652 695 2737 δῷ,
709 2653 740 2716 εί
749 2652 784 2715 δὲ
794 2645 850 2733 μή,
863 2644 1031 2734 ἀποφύγῃ,

86 2743 203 2832 ἀτίμου
214 2742 403 2831 Ἀθηναίων
423 2745 483 2810 ἕνα
503 2742 724 2811 εἶναιδεῖκαὶ
741 2744 821 2830 μήτε
837 2743 1034 2830 συγγνώμης

87 2843 165 2929 μήτε
175 2843 283 2928 λόγον
294 2841 375 2929 μήτε
385 2845 556 2920 ἐπιεικείας
566 2846 724 2928 μηδεμιᾶς
736 2856 856 2927 τυχεῖν,
868 2838 890 2909 δι’
902 2843 1034 2919 καὶτοῖς

58 2939 189 3021 λῖὸντως
199 2939 376 3009 ἀδικοῦσιν
386 2937 681 3034 ἀπανθ’·ὑπάρχει..
710 2936 783 3007 ἀλλ’
796 2937 907 3023 ἐπειδή
916 2963 955 3024 γε
963 2935 1035 3024 ήτί-

89 3061 196 3125 μωσεν
208 3037 446 3127 δνέβουλήδη,
470 3039 526 3106 καὶ
535 3037 626 3106 τοῦτ’
641 3041 837 3124 ἐχαρίσασθε
848 3033 939 3125 αὐτῷ
945 3085 955 3122 ,
978 3038 1034 3103 καὶ

90 3138 146 3223 τήν
156 3136 277 3223 ἀναιδῆ
286 3137 444 3222 γνώμην,
462 3128 598 3224 ᾖταῦτα
609 3149 811 3222 προαιρεῖται
821 3146 943 3216 ποιεῖν,
960 3133 1035 3200 ἐνέ-

93 3245 211 3322 πλησεν
222 3234 344 3322 αὑτοῦ,
357 3232 455 3302 ἐκεῖν’
469 3239 610 3321 ἐποίησε,
621 3232 683 3319 τήν
693 3236 872 3316 καταδίκην
883 3231 1032 3312 ἐκτέτικε,

93 3332 132 3410 Ιδι’
150 3332 193 3422 ἢν
210 3333 272 3403 τάν
289 3334 473 3421 ἄνθρωπον
489 3331 676 3413 ἀπωλεσενς
699 3329 777 3399 οὐδὲ
793 3336 938 3416 χαλκοῦν
955 3325 1036 3393 οάδέ

97 3456 140 3499 τω
158 3435 212 3502 καὶ
227 3435 389 3522 τήμερον,
411 3430 493 3500 ἀλλά
511 3436 607 3518 δίκην
623 3431 758 3516 ἐξούλης
774 3425 930 3511 ὑπομένει
950 3423 1034 3508 φεύ-
