2318 3894
270 288 275 299 x
341 202 497 305 ’ΚΑΤΑ
528 244 771 306 νείκεον.
998 252 1039 314 τι

80 470 84 478 ,
133 399 257 484 νόμενος
266 397 325 467 ἀπὸ
337 405 559 485 Δημοσθένους,
575 407 650 486 ἔχων
663 399 729 486 μεθ’
746 409 850 472 ἑαυτοῦ
863 412 914 473 καί
924 407 1039 493 ἀλλονς,

133 489 297 591 ἔπεγείρησε
311 490 497 570 διαφθείρειν
512 482 564 550 τόν
577 490 723 569 στέφανον
737 493 788 555 καί
801 487 835 555 τὸ
849 489 974 575 ἱμάτιον,
990 497 1040 559 καί

131 596 200 672 τιηα
215 571 271 674 μὲν
285 563 384 633 αύτῶν
400 566 571 652 ἐλυμήνατο,
588 565 623 635 ού
639 574 738 652 μέντοι
751 570 848 638 πάντα
859 600 892 659 γε
907 575 1040 660 ἐδυνήθη

133 658 184 717 δια
195 678 228 718 το
241 653 420 733 ἐπιφανέντα
430 677 465 733 με
475 659 625 735 κωλύσαι]

48 819 80 873 23
172 798 289 870 Πολλά
300 803 360 887 μὲν
370 802 500 884 τοίνυν,
524 791 873 891 ἀάνδρεςἈθηναίοι,
896 810 1039 891 καὶπερὶ

89 892 228 979 ἀντοδς
238 900 360 978 ἀλλους
370 896 526 984 ἠδίκηκεν
537 903 599 983 ἔχει
616 905 740 986 λέγειν,
765 900 874 988 ὥσπερ
891 904 985 973 εἶπον
1000 909 1038 973 ἐν

87 995 172 1085 ἀργῇ
183 1005 246 1064 τοῦ
257 997 377 1083 λόγου,
400 999 454 1063 καί
466 1003 640 1082 συνείλοχα
650 996 763 1085 ὕβρεις
773 998 878 1070 αὐτοῦ
893 1007 949 1071 καὶ
965 1002 1037 1071 ἀτι-

87 1103 164 1181 μίας
175 1094 339 1174 τοσαύτας
350 1093 430 1172 ὅσας
441 1091 628 1162 ἀκούσεσθε
640 1094 757 1165 αὐτίκα
768 1096 809 1185 δή
821 1100 919 1184 μάλα.
946 1093 991 1187 ήν
1002 1098 1033 1170 δ’

46 1193 107 1280 w}
126 1192 273 1281 συλλογὴ
292 1196 405 1281 ῥᾳδία·
427 1191 522 1260 αὐτοὶ
540 1192 603 1277 γάρ
622 1198 656 1261 οί
678 1200 885 1289 πεπονθότες
909 1205 1036 1286 προσῇ-
1112 1278 1115 1283 ¹

87 1290 152 1360 σάν
162 1319 228 1379 μοι.
261 1293 426 1380 βούλομαι
437 1291 472 1358 δὲ
482 1288 547 1374 πρό
559 1291 688 1358 τούτων
700 1299 803 1361 εἰπεῖν
814 1289 862 1371 οἷς
873 1295 1037 1381 ἐπιχειρή..

85 1408 159 1459 σειν
180 1389 288 1459 αὐτόν
309 1388 435 1476 ἀκήκοα
457 1392 622 1468 ἐξαπατᾶν
642 1386 742 1474 ὑμεῖς·
764 1385 843 1468 τούς
864 1386 1036 1481 γάρ,ύπδρ

84 1489 217 1557 τούτων
241 1489 362 1574 λόγους
388 1490 459 1574 ἐμοὶ
480 1486 542 1572 μὲν
562 1483 841 1572 ἀναγκαιοτάτους
865 1505 1035 1571 προειπεῖν

83 1586 247 1673 ήγοῦμαι,
260 1585 342 1672 ὑμῖν
352 1589 388 1652 δὲ
397 1585 663 1672 χρησιμωτάτους
674 1582 823 1654 ἀκούσαι.
857 1589 970 1668 διάτίς
984 1587 1035 1656 ὅτι

84 1692 145 1752 τοῦ
155 1688 290 1752 δικαίαν
300 1685 355 1751 καὶ
367 1682 508 1768 εύορκον
518 1686 643 1750 θέσθαι
653 1679 715 1769 τήν
725 1692 840 1772 ψῆφον
852 1683 870 1754 ὁ
882 1687 1034 1764 κωλύσας

84 1785 333 1868 ἐξαπατηθῆναι
343 1779 440 1865 λόγος
449 1779 535 1868 ὑμᾶς
545 1773 643 1861 οὗτος
653 1791 755 1862 αίτιος
766 1788 863 1851 ἔσται.
892 1782 979 1852 πολύ
991 1783 1032 1868 δή

85 1880 226 1966 μάλιστα
242 1879 379 1948 πάντων
397 1879 503 1970 τούτῳ
521 1881 673 1970 τῷλόγῳ
692 1886 865 1968 προσέχειν
875 1881 961 1969 ὑμᾶς
973 1890 1032 1969 δεῖ,

86 1981 139 2047 καί
155 1986 385 2066 μνημονεῦσαι
401 1985 537 2065 τοῦτον,
548 1983 611 2065 καί
624 1975 707 2064 πρός
718 1981 858 2048 ἕκαστον
869 1979 1031 2068 ἀπαυτάν,

52 2074 168 2153 ιεόταν
185 2067 286 2155 οὗτος
301 2077 388 2164 λέγῃ.
423 2068 536 2145 ἔστιδὲ
547 2085 679 2163 πρῶτον
690 2077 865 2165 μὲνέκεῑνο
877 2077 1033 2166 οὐκάδη-

86 2184 146 2256 λος
153 2178 244 2262 ἐρῶν
259 2177 291 2255 ἐξ
310 2167 358 2243 ὦν
375 2180 441 2264 ίδίᾳ
457 2175 539 2260 πρός
555 2202 646 2254 τινας
664 2173 763 2254 αύτδς
779 2176 908 2256 διεξιόν
927 2176 1033 2264 ἀπηγ-
1145 2208 1148 2213 ·

86 2275 218 2360 γέλλετύ
239 2300 310 2360 μοι,
333 2271 378 2352 ιδς
399 2284 490 2356 είπερ
512 2272 646 2358 ἀληθείς
667 2273 865 2341 ἐπεπόνθειν
885 2283 988 2341 ταῦτα
1010 2273 1032 2340 ἀ

88 2374 187 2461 λέγω,
205 2377 298 2452 δίκας
309 2377 392 2460 ίδίας
402 2398 459 2458 μοι
468 2379 636 2457 ’προσῆκεν
647 2369 739 2458 αὐτῷ
747 2380 875 2456 λαχεῖν,
892 2379 960 2438 τῶν
972 2372 1032 2457 μὲν

88 2477 224 2558 ίματίων
235 2473 290 2539 καὶ
299 2479 368 2540 τοῖν
376 2477 511 2559 χρυσῶν
522 2471 698 2557 στεφάνων
709 2479 766 2557 τῆς
777 2475 965 2557 διαφθοράς
976 2475 1033 2538 καί

87 2578 141 2656 τῆς
151 2571 229 2655 περὶ
239 2568 299 2637 τόν
308 2567 410 2655 χορόν
421 2568 525 2656 πάσης
536 2573 703 2656 ἐπηρείας,
722 2567 862 2656 βλάβης,
881 2559 929 2635 ἀν
941 2565 972 2635 δ’
987 2573 1033 2648 είς
1086 2569 1091 2590 ²

87 2666 119 2737 τό
131 2676 228 2755 σῶμα
240 2665 398 2756 ὑβρίσθαι
409 2671 503 2756 φημὶ,
515 2667 653 2754 ὕβρεως,
666 2664 763 2753 ούμά
776 2665 832 2734 Δί’
846 2664 917 2752 ούχί
930 2671 1033 2753 δημο-
1042 2682 1094 2735 523

87 2775 138 2854 σία
155 2774 286 2850 κρίνειν
301 2765 405 2835 αύτδν
422 2769 476 2836 καὶ
485 2773 606 2852 τίμημα
620 2765 754 2850 ἐπάγειν
764 2764 784 2833 δ’
795 2791 826 2832 τι
836 2763 896 2849 χρὴ
908 2776 1032 2834 παθεῖν

55 2860 107 2951 ἳθή
115 2863 280 2933 ἀποτῖσαι.
314 2863 376 2950 ἐγιδ
389 2866 425 2934 δδ
436 2869 472 2933 ἓν
483 2865 544 2952 μὲν
554 2868 658 2933 ἐκεῖνο
671 2858 709 2932 εὖ
720 2863 810 2947 οἰδα,
832 2865 887 2931 καὶ
899 2862 986 2949 ὑμᾶς
996 2866 1032 2930 δὲ

87 2967 206 3031 εἰδέναι
215 2961 290 3050 χρή,
301 2960 352 3031 ότι
363 2968 394 3031 εί
403 2961 446 3050 μή
459 2961 697 3050 προύβαλόμην
707 2959 821 3046 αὐτόν,
834 2958 907 3028 ἀλλ’
921 2964 1032 3028 ίδικα-
1095 3020 1102 3035 ,

88 3060 203 3148 ζύμην,
227 3054 406 3141 οὑναντίος
418 3055 500 3149 ήκεν
511 3059 554 3129 ἀν
565 3060 671 3140 εύθύς
681 3087 737 3148 μοι
747 3061 862 3147 λόγος,
887 3056 931 3137 ὡς
941 3068 1032 3142 εἴπερ

87 3151 127 3244 ἦν
141 3184 173 3227 τι
188 3159 320 3228 τούτων
334 3158 472 3247 ἀληθὲς,
494 3163 723 3248 προβαλέσθαι
737 3159 773 3247 μ’
791 3164 857 3227 ἔδει
872 3161 927 3228 καὶ
950 3157 1030 3243 παρ’

89 3256 168 3326 αιἰτά
188 3256 393 3346 τάδικήματα
413 3256 475 3344 τήν
495 3267 656 3345 τιμωρίαν
678 3268 859 3326 ποιεῖσθαι·
878 3256 899 3326 δ’
915 3282 950 3325 τε
966 3255 1030 3343 γάρ

90 3359 181 3443 χορός
202 3352 249 3444 ήν
269 3366 328 3444 τῆς
347 3357 489 3441 πόλεως,
513 3357 535 3444 ή
555 3383 590 3425 τε
611 3355 714 3444 ἐσθής
729 3364 787 3442 τῆς
804 3357 919 3440 ἑορτῆς
934 3356 1031 3421 ἕνεκα

92 3461 172 3523 πᾶσα
183 3454 451 3542 παρεσκεύαστο,
472 3456 538 3542 ίγά
555 3452 1032 3546 τεὸπεπονθύςταύταηηρη-
