2318 3894
133 229 198 295 850
328 225 881 295 mv.AHM02013N01¹2
947 236 953 247 ·
1004 284 1016 299 ,

134 386 198 459 κόν
218 389 272 459 καὶ
288 391 363 474 περί
378 385 416 456 τό
434 393 563 473 πλῆθος
577 386 615 454 τό
632 383 792 472 ὑμέτερον
810 383 915 454 πολλὰ
937 382 1091 460 σπουδά-

75 509 127 565 ιεσ
135 509 254 558 σαντα·
277 485 352 556 ἀλλ’
375 485 465 572 ὅμως
485 485 563 573 τοῦς
583 484 709 569 νόμους
726 482 808 572 ρ’έετο
825 488 896 555 δεῖν
912 488 968 555 καὶ
986 485 1090 567 αὐτός

133 589 258 666 ίκείνος
277 583 414 672 ὁμοίως,
437 581 548 666 ὥσπερ
566 583 619 651 ἐπὶ
634 595 701 661 τοῖς
717 579 908 668 ἀδυνάτοις,
931 581 1090 657 οὕτωκαὶ

133 684 190 772 ἐφ’
209 686 315 774 ἑαυτῷ
332 681 475 767 ἰσχύειν,
499 682 553 749 καὶ
568 682 696 765 ἐγένετο
713 681 751 747 έν
760 686 808 769 τῷ
817 679 969 766 οἰκήματι
979 682 1087 771 τούτῳ

134 779 239 851 κολλά
256 785 328 866 ἔτη,
352 781 414 856 ἕως
429 775 470 846 τά
485 778 635 865 χρήματα
652 774 804 847 ἀπέτισεν
820 774 944 858 &eones
954 782 1089 866 νήςπό-

133 886 216 956 λεως
232 875 312 944 ὄντα
328 879 427 960 ἔχειν·
450 877 505 943 καὶ
523 871 574 943 ἐπ’
594 877 708 964 ἐκείνῳ
719 870 963 959 Καλλίστρατος
979 880 1087 946 δυνά-

133 986 232 1061 μενος
244 974 298 1040 καὶ
308 969 508 1058 ἀδελφιδοῦς
521 967 570 1040 ἀν
578 971 685 1041 αὐτοῦ
693 970 756 1040 οὐκ
765 976 866 1041 ἐτίθει
874 973 1009 1060 νόμους.
1029 979 1083 1045 καί

135 1074 339 1158 Μυρωνίδης
355 1068 533 1158 όἈρχίνου
550 1068 623 1150 υίός
639 1078 702 1139 τοῦ
715 1070 958 1159 καταλαβόντος
969 1072 1082 1160 Φυλήν

135 1172 190 1240 καὶ
205 1169 286 1257 μετά
305 1196 343 1255 γε
354 1166 545 1248 τοόςθεοῦς
555 1170 747 1238 αἰτιωτάτου
757 1167 853 1249 ὄντος
863 1178 921 1256 τῆς
933 1170 1085 1241 καθόδου

134 1276 181 1360 τῷ
198 1268 290 1358 δήμμ
307 1270 362 1336 καί
372 1266 455 1336 ἄλλα
466 1266 571 1336 πολλὰ
581 1271 636 1336 καὶ
646 1267 729 1338 καλοὶ
740 1268 1021 1355 πεπολιτευμένου
1031 1271 1087 1339 καὶ

74 1388 126 1446 1³6
134 1365 413 1453 ἐστρατηγηκότος
429 1364 594 1445 πολλάκις.
628 1364 705 1434 ἀλλ’
722 1363 812 1452 ὅμως
828 1365 970 1446 ἀπαντες
992 1360 1087 1442 οῦτοι

134 1460 299 1552 ὑπέμενον
309 1462 387 1542 τοὺς
397 1463 529 1549 νόμους.
551 1467 607 1532 καὶ
618 1468 652 1531 οί
660 1472 770 1550 ταμίαι
781 1461 829 1550 ἐφ’
843 1457 1140 1536 &vanam-m

135 1567 234 1650 δομος
250 1562 458 1647 ἐνεπρήσθη,
481 1563 535 1629 καὶ
552 1566 584 1629 οί
592 1569 661 1629 τῶν
670 1570 728 1647 τῆς
738 1570 823 1630 θεοῦ
834 1564 889 1631 καὶ
901 1568 935 1631 οί
943 1571 1013 1631 νῦν
1023 1562 1085 1632 άλ-

134 1668 203 1729 λων
220 1666 328 1742 θεῶν,
351 1661 448 1747 ἀετῷ
466 1658 616 1743 οἰκήματι
633 1659 738 1747 τούτῳ
749 1653 853 1746 ἦσαν,
875 1658 967 1747 ἕωςή
979 1667 1086 1746 κρίσις

101 1808 108 1823 .
134 1756 245 1835 αὐτοῖς
256 1758 393 1841 ἐγένετο.
414 1759 469 1824 καὶ
480 1761 514 1824 οί
523 1759 597 1841 περὶ
607 1755 668 1824 τόν
678 1771 771 1824 σῖτον
781 1756 908 1827 ἀδικεῖν
917 1758 1083 1845 δόξαντες,

134 1853 293 1925 καλάλλοι
303 1855 434 1938 πολλοὶ,
451 1846 480 1921 τό
489 1852 608 1941 ἀνδρες
621 1860 785 1942 δικασταί,
804 1858 924 1936 πάντες
934 1864 1086 1944 βελτίους

71 1950 475 2037 ηετδίνδροτίωνοςόντες.
498 1951 565 2021 εἶτα
575 1953 703 2033 τούτοις
713 1955 774 2040 μὲν
784 1959 850 2023 ἔδει
859 1961 997 2041 κυρίους
1005 1952 1084 2035 τοῦς

134 2050 235 2120 πάλαι
254 2052 423 2136 κειμένους
445 2050 570 2136 νόμους
590 2051 689 2137 εἶναι,
711 2054 765 2120 καί
787 2057 965 2121 δεδωκέναι
985 2058 1083 2141 δίκην

133 2147 255 2228 αῦτοῦς
263 2146 436 2239 κατάτοῦς
449 2147 659 2236 ὑπάρχοντας
665 2150 804 2237 νόμους·
817 2149 854 2217 δι’
864 2150 1082 2236 Ἀνδροτίωνα

134 2240 171 2309 δέ
188 2243 243 2308 καὶ
265 2244 456 2327 Γλαυκέτην
477 2244 532 2310 καὶ
548 2242 761 2310 Μελάνωπον
779 2239 896 2307 καινόν
914 2243 967 2306 δεῖ
986 2242 1082 2323 μενέ-

135 2348 215 2406 σθαι
234 2338 358 2426 νόμον,
379 2339 458 2420 τοῦς
478 2336 646 2425 η’λωκότας
668 2339 723 2406 καὶ
742 2335 843 2426 ψήφῳ
865 2336 1082 2421 κεκριμένους

133 2436 215 2507 κατά
233 2437 310 2515 τοὺς
325 2436 427 2504 πάλαι
443 2438 613 2520 κειμένους
625 2434 749 2519 νόμους
763 2435 817 2501 καὶ
830 2433 986 2512 δόξαντας
998 2436 1085 2517 ἔχειν

133 2532 204 2618 ίερά
224 2534 372 2619 χρήματα
387 2534 445 2600 ’καί
460 2531 552 2609 ὅσιος
574 2528 632 2598 εἶτ’
652 2529 694 2598 οῦ
713 2534 951 2614 καταγέλαστος
964 2525 1082 2614 δόξειή
1143 2581 1147 2590 .

133 2630 228 2707 πόλις
240 2629 339 2714 εἶναι,
352 2636 382 2698 εί
390 2642 457 2706 τοῖς
468 2629 670 2714 ἱεροσύλοις,
683 2626 773 2707 ὅπως
784 2627 1012 2714 σωθήσονται,
1024 2626 1085 2694 νό-

73 2760 127 2816 133
134 2750 198 2813 μον
209 2740 361 2809 φανεῖται
371 2732 542 2812 τιθεμένης
555 2725 653 2812 ἔγωγ’
667 2721 766 2812 οίμοῖι.
787 2723 831 2811 μή
843 2733 959 2793 τοίνυν
969 2723 1084 2810 ἐάσητε

134 2822 220 2910 ὑμᾶς
237 2821 358 2901 αὐτοῦς
374 2819 567 2909 ὑβρίζεσθαι
584 2823 667 2910 μηδὲ
683 2821 743 2908 τήῦ
760 2823 875 2908 πόλιν,
899 2818 981 2889 ἀλλά
998 2847 1085 2907 μνη-

133 2924 270 3000 σθέντες
286 2920 337 2991 ὅτι
346 2920 507 3007 Εὔδημον
523 2920 582 2989 τόν
593 2925 815 3007 Κυδαθηναιᾶ
826 2921 930 3007 νόμον
942 2921 1084 3000 δόξαντα
1111 2942 1131 3005 .'

131 3031 244 3090 θεῖναι
259 3019 322 3089 οῦκ
333 3021 533 3108 ἐπιτήδειον,
556 3016 597 3087 οῦ
612 3018 729 3103 πάλαι,
751 3014 825 3086 ἀλλ’
838 3016 889 3085 ἐπ’
897 3013 1084 3098 1Εὐάνδρου

132 3118 308 3203 ἄρχοντος,
329 3117 555 3201 ἀπεκτείνατε,
577 3117 630 3183 καὶ
653 3122 819 3182 Φίλιππον
839 3113 899 3182 τόν
915 3119 1083 3182 Φιλίππου

132 3223 193 3285 τοῦ
209 3214 402 3299 ναυκλήρου
418 3213 495 3282 υἱόν
505 3221 627 3299 μικροῦ
636 3215 698 3298 μὲν
709 3209 935 3293 ἀπεκτείνατε,
955 3211 1085 3297 χρημά-

132 3337 199 3399 των
209 3311 245 3376 δὲ
255 3317 389 3378 πολλάν
400 3308 504 3377 αὐτοῦ
515 3314 643 3378 ἐκείνου
654 3308 915 3396 ἀντιτιμωμένου
924 3307 998 3396 παρ’
1011 3306 1093 3380 όλί-·

133 3435 194 3494 ρας
209 3405 345 3501 ψήφους
356 3407 542 3494 ἐτιμήσατε,
565 3409 690 3496 ταύτην
704 3405 766 3494 τήν
775 3405 882 3494 ἀργήν
892 3407 947 3475 καὶ
960 3415 1025 3475 νῦν
1034 3405 1089 3472 ἐπὶ
1134 3431 1144 3439 ·
