2318 3894
117 274 179 340 εεε
294 242 440 336 κακον
468 232 889 335 ’Δκωοεοωαουε

117 435 356 524 ἠμφεσβητήθη
373 433 448 518 περὶ
464 457 593 501 τουτων
602 456 784 518 προτερον,
805 427 923 518 μηδ’
897 457 942 511 ως
953 428 1076 500 οάκα-

118 541 184 613 λεδς
194 535 450 654 διμκημένωνεί
449 557 466 610 ς
481 535 578 617 δίκην
592 522 715 616 ἦλθεν,
733 525 865 609 άλλοξ”
842 554 886 597 αν
892 517 941 616 ἦν
952 529 1074 614 λόγος
1081 545 1125 605 ρει

117 629 274 718 δπειδηδ
286 629 371 717 ὅλην
385 628 447 716 τὴν
463 626 645 716 ἐπιτροπὴν
655 619 941 714 ἐγκαλέσαντες
898 653 995 697 ουτοι
1012 630 1073 697 καί

118 736 212 810 δίκας
222 730 376 816 λαχόντες
385 725 512 849 γρήματ
509 724 724 813 ’ἐπράξαντα
736 728 844 797 πάντα
853 733 959 796 ταῦτα
969 725 1072 812 α’φεϊ-

117 830 263 898 ταιτότε.
291 826 368 895 οὔτε
378 823 445 912 γάρ
457 817 553 893 οὗτοι
563 832 624 894 τοῦ
641 823 805 911 ὀνόματος
816 825 924 911 δήπου
935 848 1007 892 του
1002 850 1071 910 της

117 931 293 1011 ἐπιτροπῆς
314 921 373 1003 τάς
395 927 487 1002 δίκας
509 926 662 1010 ἐδίωκον,
684 921 769 993 ἄλλά
787 931 857 992 ταῖν
876 922 1068 1010 χρημάτων,

117 1023 177 1092 οὔτ
175 1019 316 1091 ἐκείνοι
326 1017 579 1108 τουνοματουτο
590 1013 790 1090 ἐωνουντο
763 1047 812 1089 ων
820 1019 1069 1108 απέιισανχρη-

119 1122 243 1208 μάτων,
254 1117 339 1189 άλλά
349 1119 390 1189 τά
402 1118 597 1208 ἐγκλήματα.
614 1152 617 1158 ’

39 1354 45 1363 ·
117 1315 253 1406 χρεῶνὸ
267 1314 374 1402 πατὴρ
391 1311 510 1403 ἧόλως
526 1322 623 1404 ἔλαβε
633 1317 855 1404 χρημάτωνέκ
866 1324 925 1405 τῆς
934 1320 1069 1401 ἐπιτρο-

118 1424 197 1502 πῆς,
221 1411 359 1494 οὐδενός
371 1419 435 1483 είσι
451 1418 539 1484 δίκαι
554 1415 687 1496 τούτοις
703 1414 893 1503 καδήμάν
914 1414 1068 1504 άπηλλα-

117 1516 266 1600 γμίνοις,
279 1517 310 1594 ἐξ
322 1511 433 1582 αὐτόν
449 1521 519 1582 τόν
528 1514 643 1602 νόμων
652 1516 708 1584 καί
717 1522 776 1601 τῆς
785 1513 1067 1601 άφέσεωςίιὶανοδς

118 1611 246 1690 πάντας
261 1609 406 1697 ἡγοῦμαι
425 1609 512 1696 ὑμᾶς
529 1617 769 1698 μεμαθηκέναιι
800 1609 853 1682 ὅτι
873 1612 905 1680 δ’
922 1611 1066 1700 ὕστερον

118 1706 181 1777 οὐκ
193 1714 244 1778 ἔνι
254 1708 316 1795 τὴν
333 1707 475 1827 κομιδὴν
491 1717 692 1794 γεγενῆσθαι
707 1709 838 1778 τούτων
853 1715 921 1786 τῶν
936 1709 1066 1797 χρημά-

118 1813 319 1890 των(τοῦτο
342 1804 409 1890 γάρ
429 1806 634 1874 πλάττουσιν
656 1798 750 1877 οὗτοι
776 1809 832 1877 καί
851 1807 1065 1894 παράγουσι),

76 1909 213 1976 1οτυῦτο
231 1903 394 1999 βούλομαι
412 1907 465 1973 δελ
451 1909 527 1985 Q
558 1903 618 1974 τὸν
640 1905 782 1993 μὲνγὰρ
799 1908 900 1991 πατέρ
900 1903 1046 1975 ὀὐδ”
1023 1933 1066 1974 αν

118 2000 318 2070 αἰτιάσαιντο
330 2008 460 2088 λαβεῖν·
481 2003 686 2088 τέτταρσι
646 2030 710 2089 γαρ
727 2031 747 2091 η
760 2024 846 2088 τρισι
835 2006 957 2090 μησίν
968 2003 1066 2072 ὕστε-

118 2113 210 2187 ρονη
197 2095 396 2169 διελυσατο
406 2127 488 2187 προς
498 2127 637 2181 τουτους
648 2104 867 2190 ἐτελευτησευ
902 2099 993 2182 ὡςδ’
1006 2100 1066 2169 οδ-

117 2201 400 2288 δὲΔημαρετον
366 2227 426 2269 του
437 2201 726 2288 καταλειφθέντα
709 2230 805 2290 ημων
815 2207 995 2291 ἐπίτροπον
1005 2210 1065 2270 λα-

4 2379 8 2388 ¹
116 2307 190 2389 δεῖν
200 2296 274 2368 οἷόν
284 2295 400 2388 τε’(καί
410 2298 475 2385 γάρ
492 2308 614 2369 τοῦτον
625 2305 774 2388 ἔγραψαν
785 2307 831 2381 είς
841 2300 878 2371 τό
892 2307 1064 2388 ἔγκλημα)ι

5 2430 7 2435 ·
75 2411 107 2464 11
118 2399 173 2466 καί
186 2405 284 2465 τοῦτο
296 2400 453 2477 ἐπιδείξω.
481 2403 628 2485 μέγιστοι
636 2399 697 2486 μὲν
709 2391 773 2467 οὖν
782 2398 861 2487 ἡμῖν
874 2407 960 2469 εἰσιν
969 2392 1064 2469 οὗτοι

117 2495 295 2582 μάρτυρες·
321 2493 473 2583 οὐδαμοῦ
485 2495 551 2583 γάρ
563 2497 770 2586 φανήσονται
787 2504 884 2587 δίκην
900 2501 1064 2587 εἰληχότες

117 2600 213 2676 ζῶντι
225 2601 279 2686 ,τῷ
292 2597 492 2686 Δημαρέτῳ·
513 2595 555 2665 οὐ
572 2595 641 2685 μὴν
656 2595 739 2666 άλλά
751 2601 806 2665 καί
821 2597 858 2667 τδ
871 2607 1009 2684 πρᾶγμα
1020 2597 1063 2665 άυ

116 2718 164 2769 τις
181 2689 262 2760 αὐτὸ
275 2700 412 2761 σκοπῶν
428 2697 484 2762 καὶ
500 2703 643 2780 θεωρῶν
660 2700 727 2764 ίδοι
745 2694 787 2764 οδ
797 2695 903 2783 μόνον
916 2693 991 2782 οάχὶ
1003 2706 1063 2765 λα-

116 2790 236 2876 βόντα,
260 2787 331 2858 ἄλλ’
350 2790 424 2859 οὐδ’
445 2791 524 2861 ἐνόν
539 2793 630 2885 αὐτῷ
645 2801 768 2879 λαβεῖν.
802 2789 846 2881 ἦν
862 2794 923 2881 μὲν
942 2793 1062 2880 γάρτό

115 2891 217 2975 χρέως
228 2891 265 2957 ἐν
275 2888 449 2979 Βοσπόρῳ,
461 2889 596 2978 ἀφίκετο
608 2889 868 2967 δ’-οόδεπάκοτε
880 2898 926 2970 είς
936 2889 998 2959 τὸν
1006 2891 1065 2960 τό·

115 2986 559 3076 ποντοῦτονὸΔημάρετος·
579 2997 649 3068 πῶς
661 2983 941 3077 οὖνείσέπραξενς
964 2994 1065 3077 ἔπεμ·

72 3101 105 3154 12
116 3097 157 3166 νε
170 3086 212 3171 νὴ
223 3095 300 3174 Δία,
313 3097 399 3156 είποι
409 3114 457 3166 τις
468 3083 521 3170 άν,
532 3086 594 3155 τόν
604 3087 838 3175 κομιούμενον.
858 3101 1010 3156 σκοπείιε
1021 3085 1062 3174 δὴ

113 3189 212 3250 τοῦτο
235 3181 365 3253 οὑτωσί.
406 3184 548 3271 ὤφειλεν
564 3181 733 3271 Ἑρμῶναξ
754 3191 917 3273 στατῆρας
942 3182 1122 3253 ἑκατδνθδὸ

114 3278 203 3365 παρά
214 3279 469 3367 Ναυσικράτους
480 3280 741 3369 λαβάυτοότοις.
760 3284 890 3351 τούτων
898 3279 1062 3370 Ἀρίσται-

15 3466 19 3471 ,
113 3403 194 3464 χμος
210 3382 383 3465 ἐπίτροπος
404 3381 459 3448 καί
478 3379 633 3466 κηδεμών
648 3384 775 3468 ἐγένετο
798 3380 971 3450 ἑκκαίδεκα
992 3387 1057 3468 ἔτη.

112 3473 240 3544 οὐκοῦν
260 3473 284 3544 ά
303 3501 342 3563 γε
361 3477 490 3547 τούτων
505 3475 642 3566 ἀνδροῖν
662 3478 853 3567 γεγονότων
872 3477 912 3548 δι’
934 3480 1061 3549 ἑαυτοῦ
