2318 3894
31 272 39 285 ·
114 252 178 321 ΜΘ
311 254 408 317 xxlv.
441 250 860 317 ΔΗΜΟΣΘΕΝΟΤΣ

51 413 328 500 κοδδνΚερκὺρᾳ.
348 403 530 497 ὑςαὺντήν
546 415 608 497 μὲν
618 403 769 496 ἀδελφὴν
779 407 825 478 ἐπ’
838 413 986 498 ἐξαγωγῇ
997 436 1066 497 φη-

114 515 149 583 σδ
163 512 226 601 μὲν
241 514 416 597 ἐκδοῦναι,
437 512 586 596 πέπρακε
602 510 639 580 δὲ
655 517 703 598 τῷ
714 515 818 598 ίργω,
837 507 898 578 τὸν
909 509 947 577 δὲ
955 507 1066 577 αὑτοῦ

112 611 239 694 πατίρα
258 608 348 677 οὑτω
368 621 585 694 γηροτροφεῖ,
606 575 842 676 κολάκεὺελκδὲ
861 608 918 675 καλ
936 615 1065 694 μισθοῦ

113 708 237 796 γράφει
253 702 309 775 καί
329 706 549 791 πολιτεύεται,
572 713 695 773 τοῦτον
711 701 805 790 ὑμεῖς
822 703 980 791 λαβόντες
1001 704 1065 774 ούιι

115 804 341 884 ἀποκτινελτες
363 801 561 889 δόξετεάρα,
574 795 748 887 ωανδρες
740 811 928 888 Αθηναῖοι
939 810 1066 886 κρίσεις

114 903 365 993 βούλεσθαιταί
382 901 536 1005 πράγματ
539 900 665 992 ’δγειν,
688 899 757 970 ἀλλ’
770 900 836 971 οὑκ
852 900 1065 990 ἀπηλλάχθαι

115 1007 184 1070 τάν
193 1006 361 1086 πονηρῶν.

55 1121 108 1177 γορ
200 1101 266 1167 Καὶ
283 1123 350 1186 μην
366 1098 419 1168 ὅτι
436 1099 500 1185 μὲν
515 1099 674 1187 προσήκει
690 1100 816 1179 πάντας
826 1097 979 1179 κολάζειν
987 1124 1067 1179 τους

116 1196 330 1282 ἀδικοῦντας,
352 1222 391 1264 εν
380 1189 500 1265 οἶδ
479 1224 530 1264 οτι
540 1221 661 1277 παντες
674 1194 734 1284 ἀν,
752 1208 785 1266 εί
791 1224 840 1277 τις
851 1203 975 1284 ἔροιτο,
998 1199 1066 1285 φη-

117 1319 224 1365 σαιτε·
248 1294 368 1386 ὑσηιδὲ
353 1297 522 1383 ὲμάλιστα
533 1290 672 1383 τούτόν,
688 1295 726 1376 ὃς
741 1298 848 1384 νόμον
858 1296 1068 1383 εἰσενήνοχεν

115 1398 168 1465 ἐπί
178 1394 358 1484 βλάβητδὺ
370 1392 610 1483 πλήθονς,ἐγὺ
622 1384 969 1483 πειράσομαιδιδάξαι.
999 1402 1068 1462 τῶν
1127 1387 1133 1398 ’

114 1495 176 1582 ’μὲν
195 1491 260 1579 γάρ
278 1502 430 1563 κλεπτῶν
445 1497 500 1563 καὶ
518 1500 721 1563 λωποδυτῶν
737 1492 843 1563 καὶ
806 1520 848 1562 τα
857 1519 994 1562 τοιαντα
1004 1520 1066 1569 κα
1070 1523 1083 1538 *-

115 1592 357 1678 ιιονργούντων
368 1593 649 1679 ἕκαστοςπραῑτον
659 1591 761 1679 μὴ’
739 1621 782 1673 ως
793 1591 1066 1680 ἀληθεδςτὺνίν-

28 1686 40 1734 ·’
115 1689 250 1777 τυχόντ’
262 1687 386 1776 ἀδικεῖ,
410 1689 541 1759 καὶούκ
557 1718 602 1759 αν
567 1686 722 1770 οἷοςτ
736 1701 786 1777 είη
798 1717 924 1771 πάντας
933 1691 1066 1760 ἐκδύειν

90 1786 241 1858 οὑδὲ
205 1816 245 1858 τα
258 1789 396 1877 πάντων
408 1786 626 1874 ὑφελέσθαι,
629 1788 697 1857 εἶτα
708 1790 919 1877 καταισχύνει
929 1787 991 1877 τὴν
1001 1786 1067 1856 αὑ-

54 1907 106 1963 205
115 1910 176 1956 τον
163 1884 289 1967 δόξαν
299 1884 398 1956 καὶ
363 1912 423 1956 τον
433 1892 509 1975 (ἣν
518 1888 634 1974 μόνον
661 1894 691 1957 εί
701 1892 739 1957 δέ
746 1916 795 1969 τις
806 1894 950 1979 εἰσφέρει
960 1912 1067 1976 νομον

115 1991 148 2068 ie
165 1978 208 2056 οὑ
216 2001 293 2065 τοῖς
310 1983 396 2072 ὑμᾶς
412 1989 629 2074 βουλομένοις
645 1986 804 2056 αδικείν
787 2015 808 2074 η
827 1996 917 2057 πάσα
934 1991 1065 2068 ἐξουσία
1138 2047 1142 2054 .

116 2086 171 2153 καί
177 2082 275 2152 ἀδεια
290 2085 478 2172 γενήσεται,
493 2078 592 2165 οὑτος
608 2085 691 2206 ὅλην
709 2083 866 2155 ἀδικεῖ
830 2113 892 2172 την
902 2086 1001 2155 πολιν
1010 2088 1065 2153 καὶ
1074 2103 1126 2159 τοι

116 2183 324 2269 καταισχύνει
340 2183 481 2263 πάντας·
502 2184 605 2270 νόμος
621 2182 685 2270 γάρ
702 2183 871 2270 αίσχρός“
851 2211 933 2254 οταν
949 2182 1066 2268 κάρτος

114 2273 154 2370 ᾖ,
171 2289 230 2368 τῆς
240 2281 367 2362 πόλεως
385 2282 516 2363 ύνειδύς
531 2288 600 2352 ἐστι
616 2292 673 2370 τῆς
685 2287 839 2371 θεμένης,
861 2286 916 2353 καὶ
927 2284 1066 2370 βλάπτει

88 2450 90 2455 ,
115 2380 240 2460 πάντας
250 2379 324 2450 ὅσοι
334 2406 396 2469 περ
408 2378 452 2450 ἀν
461 2380 553 2471 αύτῷ
563 2389 716 2468 χρῶνται.
750 2380 811 2452 τὸν
827 2374 891 2449 οὑν
909 2385 964 2449 καί
980 2381 1066 2467 βλά-

116 2501 209 2548 πτειν
225 2476 311 2565 ὑμᾶς
333 2481 387 2547 καὶ
409 2480 506 2565 δόξης
526 2479 776 2568 ἀναπιμπλάναι
794 2479 924 2566 φαύλης
945 2482 1067 2566 §mxu-

54 2589 105 2644 206
116 2584 251 2661 ροὺντα,
262 2585 384 2646 τοῦτον
395 2575 436 2645 ού
448 2579 677 2664 τιμωρήσεσθε
694 2580 868 2668 λαβόντεςς
890 2580 945 2645 καὶ
956 2582 991 2645 τί
997 2577 1065 2663 φή·
1111 2653 1120 2667 ἃ

116 2694 203 2756 σετες
234 2681 330 2761 γνοίη
350 2673 381 2744 δ’
395 2672 438 2744 άν
454 2702 503 2757 τις
520 2676 608 2746 οὑτοι
626 2675 759 2762 μάλισθ’
776 2674 874 2762 ἡλίκα
891 2675 1065 2762 πράγματα

116 2772 324 2853 συσκευάσας
333 2776 499 2860 γέγραφεν
510 2773 632 2857 αὑτὸν,
649 2776 704 2842 καὶ
720 2771 815 2841 ταῦθ’
830 2771 874 2852 εὑς
884 2770 1065 2840 ὑπεναντία

115 2871 363 2962 τηκαθεστάση
374 2881 530 2964 πολιτείᾳ,
543 2881 574 2942 εί
582 2880 750 2959 λογίσαιτο
761 2872 813 2942 ὅτι
823 2875 960 2960 πάντες,
982 2871 1065 2940 ὅταν

115 2992 183 3039 πον
211 2972 432 3053 καταλύοντες
458 2972 519 3042 τδν
550 2977 658 3059 δῆμον
674 2972 875 3092 πράγμασιν
896 2975 1066 3057 ἐγχειρῶσι

115 3073 303 3158 νεωτέροις,
326 3080 425 3141 τούτο
443 3079 578 3139 ποιοῦσι
598 3076 731 3155 πρῶτον
748 3068 920 3155 ἁπάντων,
943 3075 1066 3137 ἔλυσαν
1109 3130 1112 3135 .

115 3165 195 3246 τούς
214 3170 378 3255 πρότερον
394 3171 487 3260 νόμῳ
505 3167 543 3237 δι’
562 3166 726 3254 ἁμαρτίαν
741 3167 815 3237 τινά
836 3168 960 3254 ταύτην
982 3164 1066 3234 ὑπέ-

52 3277 106 3334 λολ
114 3289 232 3352 χοντας
243 3292 305 3352 την
316 3270 420 3353 δίκην
454 3292 525 3346 πως
535 3259 599 3335 ονν
610 3292 671 3336 ουκ
684 3259 826 3348 αξιος
783 3292 936 3353 ουτος,
921 3273 952 3336 ί
960 3271 1068 3335 δανα-

114 3388 184 3450 τον,
195 3361 324 3451 τρὶς,
283 3388 345 3450 ονγ
355 3363 440 3446 απαξ
450 3363 668 3454 απολαλέναι,
676 3362 803 3446 οςεὶς
775 3393 825 3435 ων
835 3368 890 3435 καὶ
902 3390 943 3435 ον
933 3362 1065 3450 δηπου

114 3465 244 3548 μίλλαν
262 3461 478 3534 καταλύειν
459 3473 562 3553 υμᾶς,
583 3464 668 3537 ἀλλά
689 3464 887 3549 τούναντίον
908 3460 1007 3551 αύτὺς
1028 3464 1067 3530 ἐν
