2318 3894
192 296 196 301 ·
225 266 389 329 ‘RATA
424 267 819 337 ΤΙΜΟΚΡΛΤΟΤΣ.
945 271 1005 334 261

57 427 218 496 τεθνάναι
235 432 368 505 δικαίως
384 423 428 494 ἀν
444 450 500 512 μοι
516 431 670 519 δοκοῦσι·
693 431 749 497 καὶ
765 425 829 514 γάρ
841 433 1008 517 ἱεροσυλίᾳ

57 530 112 597 καὶ
128 524 262 614 ἀσεβείᾳ
277 527 332 593 καὶ
349 531 456 612 κλοπῇ
473 528 528 593 καὶ
547 526 705 606 πάσιτοσς
716 527 916 607 δεινοτάτοις
927 527 1009 594 είσλν

58 632 173 710 ἔνοχοι.
206 620 246 690 τά
263 623 323 708 μὲν
340 617 405 691 οάν
420 620 521 691 πόλλ’
539 615 588 691 οἷν
605 627 710 709 λέγων
723 626 915 711 ἐφενάκιζεν
925 622 1010 711 ὑμᾶς

55 720 252 808 Ἀνδροτίων
271 728 471 806 παραλείψω·
499 722 609 808 φήσας
626 720 659 789 δ’
677 721 837 812 ἀπορρεῖν
847 721 888 791 τά
899 722 1009 809 φάλλα

56 827 124 888 τῶν
132 821 307 906 στεφάνων
316 821 369 887 καὶ
378 818 527 902 σαπροὺς
536 819 619 888 εἶναι
629 819 682 888 διά
690 820 750 891 τδν
757 820 890 908 χρόνον,
898 819 1009 905 ὥσπερ
1082 831 1086 837 ’

58 927 118 986 ίων
128 914 149 1003 ἢ
160 918 270 1002 ῥόδων
280 916 389 998 ὄντας,
397 915 465 999 ἀλλ’
478 916 519 987 οὐ
530 924 679 1003 χρυσίου,
689 920 913 1006 συγχωνεύειν
921 925 1009 987 ἐπει·
1059 916 1063 920 “
1120 966 1126 977 -

56 1037 124 1083 σεν.
145 1016 289 1097 αἱρεθείς
301 1013 331 1082 δ’
345 1018 398 1082 ἐπὶ
408 1023 512 1083 ταῦτα
522 1021 712 1101 προσείλετο
723 1026 843 1086 τοῦτον
853 1016 913 1086 τόν
923 1017 1009 1084 πάν-

13 1129 123 1181 78των
133 1121 201 1180 τών
211 1120 324 1180 κακῶν
335 1112 511 1181 κοινωνόν.
540 1106 614 1200 κάτ’
626 1117 678 1182 ἐπὶ
689 1114 749 1200 μὲν
759 1128 829 1192 ταῖς
841 1120 1009 1200 εἰσφοραῖς

57 1209 117 1276 τάν
129 1210 288 1295 δημόσιον
298 1224 451 1295 παρεῖναι
462 1214 691 1295 προσέγραψεν
703 1208 747 1290 ὡς
758 1209 797 1296 δὴ
812 1214 936 1289 δίκαιος
949 1204 1009 1292 ἀν,

58 1299 107 1375 ὧν
118 1308 255 1384 ἕκαστος
266 1305 486 1393 ἀντιγραφεὺς
498 1312 632 1393 ἔμελλεν
642 1315 778 1376 ἔσεσθαι
788 1316 855 1375 τῶν
865 1313 1009 1392 είσενεγὲ

57 1405 203 1473 κόπτων·
225 1407 277 1472 ἐπὶ
296 1414 363 1483 τὀίς
374 1404 550 1491 στεφάνοις
560 1403 605 1492 δ’,
627 1402 685 1484 οὓς
696 1407 912 1490 κατέκοπτεν,
934 1404 1009 1491 οὐχὶ

57 1504 246 1591 προσήγαγε
268 1499 368 1571 ταάτδ
393 1508 523 1572 δίκαιον
541 1511 657 1589 τοῦτο,
681 1501 753 1570 ἀλλ’
773 1501 872 1584 αάτδς
887 1504 1007 1592 ῥήτωρ,

14 1617 48 1674 79
56 1603 252 1689 χρυσοχόος,
268 1609 399 1688 ταμίας,
423 1598 803 1690 ἀντιγραφεάςγέγονεν.
837 1605 891 1670 καί
903 1599 1011 1689 μὴνεί

56 1701 117 1787 μὲν
128 1699 245 1768 ἅπαντ’
258 1699 384 1787 ἠξίους,
408 1700 471 1768 ὅσα
481 1701 634 1786 πράττεις
645 1709 686 1789 τῇ
695 1698 805 1786 πόλει,
829 1707 942 1790 σαυτῷ
953 1724 1010 1768 πι-

58 1797 195 1880 στεάέιν,
208 1795 269 1864 οὐκ
281 1793 324 1864 ἀν
335 1795 454 1883 ὁμοίως
465 1803 604 1884 κλέπτης
616 1794 666 1866 ἀν
677 1801 813 1885 ἐφωρῶ·
836 1805 901 1866 νῦν
913 1796 943 1866 δ’
956 1801 1008 1868 έπὶ

57 1909 127 1973 ταῖς
138 1901 305 1980 εἰσφοραῖς
316 1893 335 1963 ὃ
345 1897 475 1964 δίκαιόν
483 1895 559 1965 ἐσθ’
572 1895 701 1982 ὁρίσας,
713 1896 757 1985 μὴ
768 1901 821 1964 σολ
830 1899 1009 1989 πιστεύειν,

58 1990 142 2060 ἀλλά
152 2006 219 2072 τοῖς
230 1989 330 2080 αὑτῆς
341 1993 473 2073 δοάλοις
483 1995 545 2080 τὴν
556 1996 663 2080 πόλιν,
671 1992 760 2062 ὁπότ’
773 1994 852 2063 ἀλλο
864 2023 895 2063 τι
906 1997 1010 2082 πράτ-

56 2117 123 2157 των
134 2093 188 2159 καὶ
198 2092 346 2177 χρήματα
357 2099 462 2159 κινῶν
473 2091 555 2176 ίερά,
569 2084 617 2158 ὦν
628 2097 699 2158 ἐνια
710 2089 784 2159 οὐδ’
799 2095 851 2160 ἐπὶ
862 2100 920 2178 τῆς
929 2091 1009 2178 ἡμε-
1019 2101 1074 2176 75⁶

56 2191 152 2270 τέρας
161 2195 276 2272 γενεᾶς
287 2186 447 2272 ἀνετέθη,
465 2188 509 2274 μὴ
522 2190 819 2312 προσγραψάμενος
831 2188 893 2275 τὴν
904 2188 1010 2275 αὐτὴν

57 2285 245 2372 φυλακὴν’
223 2310 329 2370 ηνπερ
341 2287 394 2353 ἐπι
405 2294 472 2353 των
485 2312 500 2353 ε
501 2293 653 2372 ίσφορων
662 2292 790 2372 φαίνει,
802 2285 865 2354 οὐκ
876 2286 938 2374 ἤδη
950 2291 1012 2399 δῆ-

13 2394 119 2462 ςολον
136 2381 211 2451 δι’
201 2382 314 2451 ἀτοῦτ
318 2382 416 2452 ἐπο
413 2400 511 2470 ησας,
534 2381 632 2506 ἐγωμ
634 2383 779 2469 λνοίμαι.
811 2387 865 2452 καὶ
877 2368 1009 2470 μὴν,

56 2482 176 2566 ἀνδρες
192 2481 377 2568 Ἀθηναῖοι,
401 2483 457 2551 καλ
476 2484 560 2550 κατά
577 2480 700 2562 παντδς
717 2490 779 2550 τοῦ
793 2481 918 2570 χρόνον
934 2485 1010 2549 σκέ·

57 2579 210 2662 ψασθε“
188 2608 231 2660 ως
247 2579 332 2648 παλά
350 2582 405 2649 καὶ
424 2581 548 2667 ζηλωτοὶ
565 2581 793 2666 ἐπιγράμματα
809 2587 867 2666 τῆς
883 2579 1009 2673 πόλεως

57 2677 186 2767 ἀνελῴυ
204 2676 248 2757 ἀς
263 2677 369 2766 ἀσεβῆ
385 2681 440 2747 καλ
451 2677 544 2757 δεινά
556 2676 813 2800 ἀντεπέγραψεν.
846 2675 1008 2764 οίμαιγάρ

59 2773 145 2858 ὑμᾶς
163 2776 309 2857 ἅπαντας
327 2775 413 2865 ὁρᾶν
432 2774 499 2846 ἀπὸ
510 2803 580 2845 των
589 2778 766 2864 στεφανων
775 2792 845 2858 ταις
855 2786 1008 2864 χοινικίσι

59 2872 211 2939 κάτωθεν
227 2879 436 2961 γεγραμμένα
448 2873 506 2943 “oc
521 2876 684 2962 σάμμαχοι
695 2873 755 2943 τὸν
767 2879 873 2961 δῆμον
883 2873 1009 2994 ἀνδρει-

55 2966 237 3054 “γαθίας“
218 2995 293 3039 ενεκ
297 2971 564 3058 ’ἐστεφάνωσαν
584 2977 638 3042 καί
661 2969 893 3056 δικαιοσάνης”
914 2966 937 3056 ἦ
955 2967 1012 3038 “οί

53 3065 70 3090 “
62 3064 816 3191 “σάμμαχοιάριστείοντῂἏθγναίᾳἀνέθεσαυ”
820 3065 948 3162 ἀκατά
946 3067 1010 3136 πά-

57 3165 144 3247 λεις
147 3165 193 3234 ’σί
209 3167 364 3247 δεῖνες
329 3194 390 3237 τον
402 3169 757 3256 »δῆμονέστεφάνωσαν
769 3165 963 3247 σωθέντες’
944 3164 1008 3236 υπό
1125 3168 1130 3174 “

54 3266 135 3335 ’τοῦ
155 3264 289 3353 δήμου,”
315 3265 387 3336 οἷον
400 3264 560 3355 “Εάβοεῖς
576 3269 857 3355 ἐλευθερωθέντες
869 3266 1010 3352 ἐστεφά-

52 3363 188 3436 “νωσαν
204 3365 263 3437 τόν
280 3365 403 3454 δῆμον”
421 3367 643 3455 ἐπεγέγραπτό
653 3391 737 3452 που,
758 3360 1009 3433 πάλιν“Κο’νων
1032 3358 1038 3364 ’

54 3464 140 3533 “aad
152 3474 210 3551 τῆς
220 3471 403 3552 ναυμαχίας
413 3474 472 3553 τῆς
487 3467 570 3552 πρὸς
580 3458 896 3550 Λακεδαιμονίους,”
918 3457 1009 3527 “Ka--
