2318 3894
123 251 167 317 90
343 254 414 312 XXI.
446 249 868 312 ΔΗΜΟΣΘΕΝΟΤΣ

131 409 340 491 νεσθαιτοὸς
350 409 471 488 ἀδίκως
481 406 536 495 ἐφ’
552 404 657 475 αὑτὸν
668 408 829 487 ἐλθόντας
839 406 917 495 λθῆι
933 408 1076 494 καῖτότί

81 532 88 546 ·
131 505 175 578 ἀν
190 507 369 578 ἀδικοῦντα
385 507 448 595 ὁρᾷ
459 533 524 590 τις,
546 503 588 574 ού
607 505 889 591 προαναρπάζειν,
910 503 987 574 οὐδ’
1000 505 1079 574 6126-

132 607 225 694 γοντ’
241 603 634 690 αίτίαςψευδείςάκριτον
645 609 751 690 ζητείν
762 603 983 691 ἀποφεύγειν,
1005 602 1091 685 οὐδ”

7 745 10 751 ·
132 708 184 774 ἐπὶ
193 714 239 794 τῷ
251 706 379 773 διδόναι
391 708 486 789 δίκην
497 700 674 787 ἀσχάλλειν
680 752 691 788 ,
707 700 791 771 ἀλλά
802 699 846 789 μὴ
859 717 967 772 ποιεῖν
976 706 1013 785 ἐξ
1021 701 1079 789 ἀρ-

71 920 123 976 126

72 2008 123 2064 127

75 2883 128 2938 128

131 811 189 889 γῆς
200 800 333 886 ἀσελγὲς
344 805 455 886 μηδέν.

208 898 290 966 Ὅσοι
298 900 360 984 μὲν
368 906 483 966 τοίνυν
494 908 540 977 είς
550 924 585 966 τε
595 896 657 984 την
667 905 875 989 λειτουργίαν
885 900 941 967 καὶ
951 897 989 966 τὸ
1002 896 1088 993 σῶμ’.

132 996 319 1086 ὑβρίσθην,
341 998 395 1065 καὶ
407 997 500 1065 πάντ’
512 997 807 1084 ἐπιβουλευόμενος
817 995 943 1084 τρόπον
951 1000 1008 1065 καὶ
1018 997 1078 1065 πά-

132 1116 220 1184 σχων
231 1104 339 1174 κακοῖς
349 1098 544 1181 ἐκπέφευγα,
555 1088 1101 1182 ἀκηκόατε,οὸἀνδρεςἈθηναίοι,5

132 1196 187 1264 καὶ
205 1200 395 1280 παραλείπω
413 1195 449 1261 δὲ
465 1194 586 1262 πολλά·
611 1191 652 1262 06
669 1192 733 1279 γάρ
750 1203 828 1271 ίσως
844 1194 964 1283 ῥηίδιον
982 1191 1078 1262 πάντ’

134 1300 247 1364 είπείν.
279 1299 342 1379 ἔχει
360 1290 392 1361 δ’
412 1291 526 1370 οὕτως.
561 1289 624 1360 οὐκ
640 1290 715 1360 ἔσθ’
729 1289 782 1378 ἐφ’
796 1291 861 1382 ὅτφ
872 1298 943 1360 τῶν
953 1316 1078 1379 πεπρα-

125 1395 265 1476 γμένων
283 1391 347 1476 ἐγεὸ
358 1391 460 1478 μόνος
469 1388 640 1476 ἠδίκημαι,
666 1388 739 1458 ἀλλ’
753 1392 805 1457 ἐπὶ
815 1389 954 1479 μὲνιτοίς
965 1396 1014 1470 είς
1022 1389 1079 1459 τόν

132 1489 234 1575 χορὸν
250 1491 481 1574 γεγενημένοις
497 1487 695 1574 ἀδικήμασιν
710 1484 731 1572 ἡ
753 1487 858 1573 φυλὴ,
881 1485 919 1555 τὸ
942 1490 1088 1574 δέκατωῄ

132 1592 230 1674 μέρος
246 1584 355 1670 ὑμῶν,
378 1589 609 1671 συνηδίκηται,
630 1586 683 1654 ἐπὶ
700 1583 734 1652 δ’
753 1584 803 1665 οἷς
819 1587 875 1672 ἐμὲ
892 1585 1012 1673 ὕβρισε
1028 1588 1080 1656 καὶ

132 1683 375 1771 ἐπεβούλευσεν
384 1686 420 1749 ολ
428 1682 542 1767 νόμοι,
564 1681 610 1750 δι’
628 1680 688 1760 οδς
705 1678 750 1762 εἷς
761 1685 896 1762 ἕκαστος
907 1682 1079 1770 ὑμῶνσύς

133 1787 236 1852 ἐστίν·
249 1777 302 1866 ’ἐφ’
313 1779 415 1847 ἀποισι
424 1781 461 1848 ’δὲ
471 1779 600 1859 τούτοις
609 1777 626 1848 ὁ
635 1779 726 1867 θεὸς,
735 1774 763 1871 ηὸ
769 1781 911 1870 χορηγός
919 1783 985 1869 ἐγώ
994 1792 1092 1867 καθ-Ι

135 1879 312 1965 ειστήκειν,
324 1880 379 1946 καὶ
389 1876 426 1945 τὸ
438 1885 495 1964 τῆς
506 1877 612 1966 ὁσίας,
625 1877 791 1966 ὁτιδήποτ’
806 1883 889 1965 ἐστὶ,
905 1882 943 1950 τὸ
956 1881 1081 1969 σεμυὸν

133 1979 188 2046 καὶ
198 1974 236 2043 τὸ
249 1973 436 2061 δαιμόνιον,
449 1981 683 2101 συνηδίκηταιῖ
705 1985 759 2047 δεῖ
767 1978 806 2065 δη
817 1981 896 2058 τούς
906 2006 944 2066 γε
954 1987 1078 2068 βουλο-

133 2078 253 2164 μένους
264 2072 446 2161 ορθωςτην
456 2102 518 2144 κατ
521 2074 683 2158 αξιαν
652 2103 720 2145 των
730 2080 971 2166 πεπραγμένων
989 2077 1094 2166 παρὰ·

132 2175 255 2245 τούτου
276 2179 372 2260 δίκην
391 2173 507 2262 λαβεῖν
523 2174 584 2262 ούχ
601 2174 646 2255 ὥς
661 2175 744 2263 ὑπὲρ
761 2175 880 2262 ἕμοῦ”
859 2202 957 2256 οντος
973 2178 1079 2263 μόνον

132 2301 194 2343 τον
181 2274 307 2358 λογου
317 2299 380 2360 την
390 2300 495 2361 οργην
505 2280 606 2361 ἔχειν,
629 2273 702 2344 ἀλλ’
722 2302 766 2354 ως
776 2268 833 2342 ἐν
822 2300 932 2363 ταυτω
942 2301 1013 2344 των
1022 2301 1079 2343 νο-

134 2399 235 2462 μων,
229 2400 289 2442 του
277 2380 396 2459 θεοῦ,
406 2381 464 2459 τῆς
475 2371 637 2460 πόλεως’
624 2384 709 2459 ομοῦ
718 2375 853 2442 πάντωυ
862 2371 1079 2461 ηδικημένων,

135 2472 222 2540 οὕτω
243 2481 410 2540 ποιεῖσθαι
428 2496 490 2555 την
509 2479 684 2557 τιμωρίαν,
706 2475 760 2540 καὶ
776 2471 855 2552 τοὸς
870 2479 1080 2559 βοηθοῦντας

133 2568 282 2646 καὶτοὺς
300 2571 611 2652 συνεξεταζομένους
626 2567 707 2652 μετὰ
725 2571 847 2638 τούτου
867 2568 911 2656 μὴ
935 2571 1081 2656 συνηγό-

136 2686 218 2748 ρους
234 2665 355 2748 μόνον,
377 2661 462 2731 ἀλλά
479 2666 533 2733 καὶ
550 2666 749 2752 δοκιμαστὰς
758 2677 826 2737 τῶν
835 2670 942 2758 τούτῳ
953 2694 1082 2756 πεπρα-

134 2765 267 2850 γμένων
277 2758 632 2851 ὁπολαμβάνεινελναι.
714 2767 719 2774 ’

218 2866 263 2928 Ec
272 2861 333 2946 μὲν
343 2865 475 2946 τοίνυν,
489 2853 839 2952 οὸἀνδρεςἍθηναῑοι,
853 2867 1016 2954 σαόφρονα
1026 2867 1080 2935 καὶ

78 3020 85 3032 ,
135 2960 269 3044 μέτριον
289 2957 374 3042 πρὸς
396 2957 498 3026 τάλλα
519 2961 730 3048 παρεσχηκώς
751 2960 855 3032 αὑτὸν
870 2968 1014 3044 Μειδίας
1027 2960 1083 3033 καὶ

134 3060 260 3141 μηδένα
280 3063 348 3124 τῶν
371 3054 482 3125 ἀλλων
504 3068 649 3127 πολιτῶν
665 3058 873 3149 ἠδικηκοὸςί
842 3090 858 3130 ε
873 3091 889 3142 ς
904 3064 959 3149 ἐμὲ
976 3064 1083 3150 μόνον

118 3151 275 3240 -ἀσελγης
286 3179 373 3220 ουτω
384 3158 439 3242 καὶ
449 3162 555 3242 βίαιος
571 3158 733 3244 ἐγεγόνει,
754 3184 889 3244 πρωτον
904 3161 966 3246 μὲν
983 3166 1078 3246 ἔγωγ’

135 3247 273 3372 ἀτύχημ
286 3276 330 3317 αν
340 3252 486 3335 ἐμαυταν
496 3280 593 3322 τουτο
604 3281 766 3343 ηγουμην,
778 3256 873 3325 ὲπειτ
887 3259 1083 3353 ἐφοβούμην

135 3346 178 3416 ἀν
195 3375 246 3434 μη
258 3343 318 3415 τὸν
334 3346 463 3416 ἀλλον’
448 3348 708 3438 εαυτοῦβίον’
665 3380 762 3434 ουτος
772 3357 1091 3442 μέτριονδεικνύων

133 3448 189 3515 καὶ
200 3442 444 3533 φιλάνθρωπον
452 3450 686 3543 διακρούσηται
695 3455 802 3544 τούτῳ
812 3481 849 3524 το
840 3455 957 3541 δίκην
968 3447 1084 3542 ιὸνόμδ
