2318 3894
278 224 422 310 xm
446 201 838 310 ειότοκεκυονε.
922 227 927 236 ’
972 246 1039 315 217

86 432 154 478 των
164 411 232 476 ἐκεί
230 431 303 486 νοις
311 419 379 484 τοῖς
389 405 521 490 χρόνοις
532 402 681 490 δραχμὴν
691 431 734 472 ου
722 402 962 527 ’κατίθηκαν’
943 421 1034 495 υμῖν,

86 509 179 597 νόμην
192 505 224 574 δ’
237 508 285 574 ἑνί
297 511 469 582 πλείστους
479 500 558 582 τούς
569 500 778 622 ὑπάρχοντας
788 500 936 587 ἀκύρους
946 507 1037 574 ἐποί-

86 625 189 693 ησαν,
211 601 461 692 καίτούτηντάν
471 600 603 668 πάποτε
613 593 680 668 ἐν’
663 612 742 684 υμίν
753 601 967 670 τεθέντωνί
932 629 952 668 α
954 608 1037 688 ίσχί-

87 723 153 794 στρ)
164 705 220 771 καλ
232 669 418 788 δεινοτάτῳ.

45 817 78 872 17
170 799 346 885 Βουλομαε
356 795 397 882 δη
409 822 510 882 μικρρ
497 794 701 874 διεξελθων
712 797 842 882 περὶ
797 823 866 865 ταν
850 794 1037 883 κειμένων
1145 780 1157 829 ’·

86 901 219 1018 νόμων,
242 892 322 965 καθ’
341 919 401 974 ους
411 900 494 962 είσιν
505 897 542 961 αί
550 919 623 960 τοια
624 897 673 960 δε
681 897 824 980 γραφαί
846 893 1037 980 περλαύτού
1085 925 1098 945 ·-

84 1006 144 1066 τοῦ
157 1022 273 1082 νομου
275 989 413 1079 λεγειν
393 1019 433 1062 ον
443 996 642 1078 γέγραμμαι
664 992 1038 1080 γενήσεσθεγάρεύμα-

87 1090 378 1181 θέστερόιπρδς
342 1088 489 1159 ταλοιπά
508 1096 611 1156 ταῦτα
628 1088 923 1173 προακούσαντες
938 1094 1037 1177 ἔστιν,

91 1220 116 1260 ω
104 1186 266 1279 ’άνδρες’
261 1201 444 1276 Αθηναῖοι,
467 1191 504 1257 ἐν
520 1201 588 1265 τοῖς
605 1179 680 1253 ούσι
699 1183 902 1271 νόμοιςίημϊν
912 1193 1039 1270 κυρίοις

88 1293 293 1378 διωρισμένα.
302 1287 447 1373 ἀκριβῶς
463 1287 518 1352 καί
536 1291 651 1368 σοφάς
667 1281 774 1350 πάνθ’
793 1281 855 1350 ὅσα
873 1287 925 1351 δελ
932 1300 1038 1354 ποιεῖν
1074 1310 1078 1327 ·

44 1406 79 1460 18
88 1390 161 1473 περί
176 1395 245 1454 τῶν
260 1385 451 1471 μελλόντων
467 1380 671 1467 τεθησεσθαι
681 1380 812 1546 νόμυνὲ
838 1383 893 1448 καί
905 1405 1038 1466 πρωτον

87 1481 175 1572 μὲν’
159 1484 318 1551 απάντων
327 1479 447 1567 χρόνος
458 1480 525 1548 ἐστὶ
538 1479 779 1563 γεγραμμένος,
796 1481 832 1546 ἐν
843 1471 1039 1567 όπροσήκει

86 1592 297 1668 νομοθετεῖτε·
321 1578 367 1647 ἐίτ
372 1576 477 1645 ουδὲ
487 1573 564 1644 ποθ
581 1602 624 1656 ως
635 1603 678 1643 αν
689 1577 812 1665 ἕκαστον
824 1583 906 1668 δοκη
917 1583 1039 1648 δέδωκε
1113 1590 1121 1604 ‘

86 1686 185 1747 τοῦτο
196 1678 362 1761 πράττειν,
374 1672 458 1743 άλλά
472 1672 665 1761 προστάττει
675 1698 809 1759 πρωτον
820 1675 881 1762 μὲν
891 1679 1040 1745 ἐκθεῖναι
1056 1707 1061 1717 ·

86 1776 236 1861 πρόσθεν
244 1785 312 1841 τῶν
319 1773 506 1859 ἐπωνύμων
522 1773 696 1858 γράψαντα
712 1791 848 1845 σκοπεῖν
857 1783 905 1866 τηῖ
916 1783 1039 1863 βουλο-

87 1877 192 1959 μένῳ,
215 1870 296 1956 μετά
314 1869 408 1937 ταῦτ’
426 1872 478 1952 ἐπὶ
496 1878 577 1937 πᾶσι
593 1867 654 1938 τόν
672 1869 775 1940 αύτδν
791 1873 898 1960 νόμον
908 1878 1039 1942 ειδέναι

87 1970 215 2039 κελεύει
221 1967 328 2057 πρδς
337 1968 467 2047 τούτοις
476 1967 572 2036 λύειν
580 1968 658 2047 τούς
670 1972 855 2054 ἐναντίους,
868 1969 952 2039 ἄλλα
963 1974 1037 2057 περὶ
1136 1959 1140 1969 “

88 2060 136 2135 ὦν
148 2067 247 2136 ούδὲν
259 2077 337 2146 ἴσως
348 2063 434 2151 ύμάς
444 2072 626 2151 κατεπείγει
636 2073 703 2133 νύν
713 2064 863 2135 άκούσαι.
889 2062 933 2133 άν
945 2070 981 2135 δέ
989 2094 1038 2147 τις

87 2166 216 2232 τούτων
227 2168 265 2231 ἓν
276 2171 427 2250 παραβῇ,
450 2188 497 2284 τρι
486 2169 748 2254 βουλομένςοί
714 2168 748 2232 δί
746 2169 828 2232 δωσι
838 2165 1037 2251 γράφεσθαι.

42 2285 78 2341 19
87 2270 118 2332 εί
133 2264 194 2349 μεν
205 2254 268 2329 ούν
278 2261 321 2348 μή
335 2268 437 2328 πᾶσιν
446 2253 492 2347 ἦν
502 2266 616 2347 ἔνοχος
627 2262 756 2342 τούτοις
770 2263 975 2349 Τιμοκράτης
984 2266 1039 2332 καὶ

86 2359 176 2445 παρά
188 2357 296 2426 πάντα
306 2364 389 2427 ταῦτ
394 2355 664 2445 ἐἰσενηνόχει
628 2385 689 2426 τον
699 2359 819 2445 νόμον,
831 2354 901 2480 λη’
879 2386 923 2427 αν
933 2356 1039 2428 αὐτοῦ

84 2485 134 2536 τις
145 2460 285 2550 ἐποιεῖτο
297 2456 526 2543 κατηγόρημα,
539 2455 560 2527 ὅ
569 2483 601 2525 τι
613 2457 735 2543 δήποτε
745 2455 836 2524 τοῦτ’
849 2483 907 2543 ην·
927 2460 1038 2526 νύνδ’

87 2556 215 2642 άνάγκη
233 2543 314 2624 καθ’
331 2558 473 2624 ἕκαστον
488 2544 586 2641 χωρίς
602 2557 677 2639 περί
687 2555 836 2623 ἑκάστου
846 2556 1040 2641 διελόμενον

87 2657 209 2739 λέγειν.
232 2645 561 2739 πράτονμδνούν,”
540 2677 622 2737 οπερ
632 2652 767 2740 ηδικησε
779 2660 928 2742 πρωτον,
950 2661 1030 2722 τοῦτ
1028 2646 1099 2713 ’706

88 2749 213 2838 &oms
191 2779 235 2831 ως
255 2751 344 2835 παρά
366 2752 492 2830 πάντας
512 2750 591 2830 τούς
607 2752 731 2839 νόμους
746 2752 953 2839 ἐνομοθέτει,
970 2751 1040 2821 εἶτα

87 2859 155 2918 τάν
165 2849 276 2919 ἄλλων
288 2853 360 2935 ἑξῆς
376 2847 397 2918 ὅ
413 2876 444 2917 τι
460 2845 504 2917 άν
524 2853 739 2936 βουλομένοις
755 2846 836 2935 ύμῖν
852 2846 991 2918 άκούειν
1006 2841 1037 2937 ᾖ.

87 2954 145 3016 καί
153 2975 209 3035 μοι
220 2946 555 3034 λαβὲτουτουσὶτούς
566 2948 690 3032 νόμους
701 2951 755 3015 καί
766 2945 954 3030 ἀνάγνωθι·
972 2971 1040 3031 φα-

54 3127 58 3133 ,
87 3048 223 3134 νήσεται
238 3043 304 3131 γάρ
321 3042 562 3112 τούτωνούδὲν
572 3045 767 3130 πεποιηκός.
800 3047 990 3127 προσέχετε,
1013 3035 1040 3110 εδ

65 3211 68 3217 ,
87 3143 208 3230 ἅνδρες
229 3141 402 3226 δικασταί,
423 3140 488 3211 τόν
503 3140 952 3228 νούνάναγιγυωσκομίνοις
971 3154 1039 3220 τοῖς

87 3268 210 3328 νομοις.

284 3344 646 3407 ΕΠΙΧΕΙΡΟΤΟΝΙΑ
666 3341 848 3405 ΝΟΜΩΝ.

43 3460 78 3515 20
215 3435 291 3521 [Ἐπί
307 3439 339 3503 δὲ
354 3445 406 3522 τῆς
419 3436 536 3523 πράτης
550 3442 725 3524 πρυτανείας
741 3443 777 3520 τῇ
793 3430 932 3520 ἑνδεκάτη
950 3433 982 3497 ἐν
998 3436 1038 3516 τῷ
