2318 3894
136 237 198 302 2⁰6
348 238 444 297 xxm.
466 232 884 297 ΔΗΜΟΣΘΕΝΟΥΣ

9 468 15 481 ,
137 403 219 464 σίων
230 395 501 487 οἰκοδομημάτων
507 389 762 500 σεμνοτέρας
724 417 783 470 τας
799 395 884 470 ἰδίαις
900 410 1083 467 κατοσκευ·

67 559 69 562 ,
136 479 257 549 όκασιν
268 483 389 562 οἰκίας,
408 470 515 562 ’χῆν’δ’
527 481 611 545 ἔνιοι
626 483 728 577 πλείω
746 475 881 542 πάντων
899 472 997 580 ὑμων
1012 498 1082 542 των

136 566 173 631 ἐν
189 587 234 647 τῳ
223 564 451 653 δικαστηρίῳ
468 543 708 664 συνεόνηντοιιτ
729 562 881 663 δημοσία·
891 554 962 626 δ’
944 571 1039 643 νμείς
1059 555 1082 627 6

136 627 220 732 μὲν
213 647 413 749 οἰκοδομεῖτε
427 626 489 710 καὶ
504 651 646 724 κονιᾶτε,
670 638 714 724 ὦς
733 638 899 751 μικροὶ
855 642 910 709 καί
931 648 1080 748 χλίσχρα,

136 727 274 812 αἰσχύνη
286 730 401 810 λέγειν.
434 722 503 802 ἀλλ’
516 725 597 812 ἔχετ’
610 733 713 794 εἰπεῖν
729 752 791 796 οτι
785 731 899 832 κοινῆ
913 727 1079 832 κτησόμε-

135 836 189 879 νοι
200 815 419 894 καταλείψετε,
433 807 544 894 οἵσπερ
553 814 672 878 ἐκείνω
682 808 909 896 Χερρόνησον,
919 807 1081 915 Ἀμφίπο-

136 902 201 1001 λιν,
215 891 318 971 δοξαν
328 897 445 995 ἔργων
445 901 572 971 καλων
562 891 834 1001 ηνοίτοιουτοε
844 898 975 960 πολῖται
985 889 1078 962 πάντ’

135 975 235 1082 τἰνηλί
233 995 368 1083 σκφντες
386 973 511 1059 τρόπον
531 975 592 1084 οὐχ
613 971 680 1045 οἰοί
696 981 733 1047 τί
746 983 831 1045 εἰσιν
851 966 1079 1081 ηέφανίσαι,ό

73 1077 125 1132 209
135 1057 266 1169 ανδρες
273 1055 500 1142 Ἀθηναῖοαε
483 1061 632 1138 εἰκότως
649 1059 722 1128 τότε
742 1058 804 1145 μὲν
823 1056 888 1167 γὰρ
909 1066 956 1147 τῷ
970 1068 1076 1145 κνρίφ

133 1149 202 1210 των
219 1140 338 1228 φόρων
352 1143 531 1248 χενομένφ
535 1142 628 1225 τάξαι
645 1141 832 1248 Ἀριστείδη
839 1141 978 1229 οὐδεμιᾷ
995 1146 1078 1246 δρα-

133 1250 222 1330 χρη
187 1230 314 1331 πλείω
322 1252 362 1293 τα
380 1249 570 1331 υπαρχοντα
576 1229 730 1334 ἐγένετο,
753 1221 836 1292 ἀλλὰ
852 1228 907 1295 καλ
923 1223 1078 1310 τελευτη-
1087 1231 1141 1287 690

134 1303 222 1377 σαντ’
234 1305 340 1376 αὐτόν
359 1313 487 1389 ἔθαψεν
506 1306 648 1414 ἡπόλις·
675 1306 815 1413 ὑμῑνδ’,
832 1319 864 1379 εἰ
880 1335 913 1376 τι
933 1313 1077 1390 δέοισθε,

133 1393 280 1502 χρήματα
284 1389 427 1498 ὑπῆρχε
426 1416 522 1480 κοινη
508 1401 667 1462 πλείστα
678 1419 746 1460 των
757 1392 893 1461 πόντων
901 1389 1077 1496 Ἑλλήνων,

68 1502 71 1511 ·
135 1473 217 1546 ὅσθ’
229 1470 356 1543 ὁπόσου
366 1475 491 1560 χρόνον
502 1473 705 1584 ψηφίσαισθ’
710 1476 1078 1580 ἰξαέναι,τοσοότουμι-

74 1582 76 1587 ·
135 1558 224 1631 σδον
234 1562 362 1642 ἔχοντες
371 1563 471 1661 ἐξητε
506 1557 614 1627 τόνδ’
629 1557 705 1626 ολ
671 1585 733 1643 μεν
748 1559 789 1627 τὰ
800 1587 897 1628 κοινα
884 1556 1078 1628 διοικουν

135 1670 187 1723 τες
207 1645 243 1709 ἐκ
262 1647 415 1747 πτωχῶν
424 1638 562 1726 εὔποροι
581 1645 637 1710 καλ
658 1650 784 1710 πολλοῦ
804 1642 928 1749 χρόνον
948 1641 1077 1751 τροφὴν

135 1721 314 1828 ἄφθονόν
303 1748 318 1789 ε
320 1729 385 1789 ίσιν
395 1721 640 1809 ἡτοιμασμένοι·
672 1723 760 1832 ὑμῖν
769 1727 805 1794 δὲ
822 1724 901 1794 οὐδὲ
910 1733 986 1813 μιᾶς
996 1725 1078 1814 ἡμέ-

135 1834 195 1893 ρας
211 1803 314 1912 ἐφόδι’
328 1807 415 1874 ἐστὶν
432 1808 469 1873 ἐν
486 1834 532 1897 τφ
551 1832 669 1912 κοινω,
691 1806 796 1877 ἀλλ”
766 1835 841 1914 αμα
852 1813 904 1876 δελ
917 1836 948 1877 τι
959 1825 1076 1911 ποιεῖν,

133 1895 189 1961 καλ
199 1890 318 1969 ποθεν
331 1887 394 1956 οὐκ
408 1874 518 1975 ἔχετε.
531 1918 604 1960 τοτε
613 1858 674 1998 μὲν
684 1886 922 2000 χαροδημος
900 1920 944 1979 ην
955 1892 1076 1961 δεσπό-

73 1937 860 2166 ”“λλλλλλλλλλλλ’λ’λλλλλλλλὲ,
876 1975 1078 2166 ιλλλλλλλ

133 2137 317 2246 μλναότων
328 2157 568 2254 καταφρονεῖν,
591 2140 696 2212 ἕναδ’
710 2138 1075 2247 η’δόοθαυμοὶξςινᾶν-

133 2223 312 2329 δροόπονς
337 2223 398 2292 εἶδ’
410 2223 504 2297 ουτοι
514 2235 769 2334 κληρονομονσι
777 2252 835 2312 της
845 2222 1011 2334 υμετέρας
1015 2227 1069 2295 δο

133 2305 496 2418 ξηςκαίτωνάχαθων,
514 2307 651 2418 ὑμεῑςδ’
665 2307 769 2418 οὐδ”
752 2309 1074 2418 οτιοῦνᾶττολαυετε,

63 2414 66 2419 ·
131 2389 216 2461 ἀλλὰ
227 2397 390 2498 μαρτυρες
400 2397 472 2463 ἐστε
481 2420 550 2461 των
560 2395 680 2477 ετέρων
690 2391 846 2479 αχαδων,
865 2391 1076 2474 οόδενόςόὲλ-

131 2483 193 2545 λον
195 2476 421 2582 μετέχοντεςη
409 2473 499 2544 τον
484 2478 742 2554 ἐξαπατασδαι
773 2483 879 2545 καίτοι
893 2484 1035 2582 πηλίκον
1044 2483 1079 2544 τί

131 2557 203 2627 ποτ’
218 2583 262 2622 αν
273 2556 507 2636 στεναξειανο
514 2557 633 2643 ανδρες
643 2562 812 2644 ἐκείνοηοί
819 2556 902 2642 νπὲρ
914 2561 1010 2647 δοξης
1021 2559 1076 2628 καὶ

131 2643 323 2742 ἐλευθερίας
333 2641 601 2746 τελευτήσαντες
602 2642 658 2708 καὶ
674 2649 808 2711 πολλων
823 2643 879 2709 καλ
894 2651 1008 2712 καλων
1019 2649 1076 2750 ἔρ-

130 2747 201 2808 χων
212 2719 430 2830 ὑπομνήματα
440 2723 692 2832 καταλιπόντες,
713 2722 779 2792 κί’
756 2750 824 2828 αρα
839 2727 1043 2792 αίσθοιντο“
1023 2753 1076 2796 οτι

131 2813 196 2872 νῦν
208 2830 228 2888 η
215 2800 336 2885 πόλις
347 2803 424 2886 εἰς
403 2807 572 2911 υπηρέτον
589 2814 694 2893 σχῆμα
711 2809 767 2883 καί
782 2806 876 2885 τάξιν
887 2806 1076 2894 προελήλυ-

128 2897 183 3058 ξηε,
193 2889 248 2954 καί
259 2892 492 2976 Χαριδημονε
499 2915 560 2977 χρη
572 2903 733 2976 φρουρειν
742 2889 950 2976 βονλενεται
971 2899 1075 2980 Χαρί-

172 2997 250 3079 μον;
250 2979 361 3080 οἰμοι.

69 3086 121 3138 211
211 3051 291 3127 Ἀλλ’
304 3052 438 3125 οὐτοῦτ
442 3053 714 3161 ’ἔστιτόδεινὸα
726 3063 834 3126 εἰτων
844 3056 1030 3162 προγόνων,
1043 3066 1078 3127 οἳ

131 3137 397 3245 διενηνόχασιν’
380 3139 537 3208 απόντων
557 3137 675 3241 ἀρετῇ,
698 3155 809 3246 χεῖρον
819 3140 1074 3247 βουλευόμεθα,

129 3218 230 3289 ἀλλ”
210 3248 262 3289 οτι
273 3223 328 3290 καί
338 3223 479 3295 πάντων
485 3219 686 3327 οἶνθροόπων.
707 3248 778 3304 πως
787 3225 855 3311 γὰρ
863 3223 926 3293 οὐκ
938 3226 1075 3331 αἰσχρόν

129 3304 306 3454 466666669
318 3309 378 3393 μὲν
388 3306 544 3373 τουτουσὶ
546 3313 666 3416 ,νῆσον
676 3307 900 3389 οἰκουντας
857 3336 945 3377 ουτω
952 3306 1075 3413 μικρᾲν

69 3431 73 3439 ·
129 3413 172 3454 κα
202 3389 301 3456 ουδλν
317 3393 451 3474 ἔχοντας
471 3380 572 3478 ἐφ’
543 3414 569 3455 ω
593 3391 676 3476 μίγα
695 3391 756 3523 χρὴ
780 3407 920 3478 φρονεῖν
941 3417 1074 3478 αυτους,
1086 3415 1136 3470 691
