2318 3894
148 251 211 317 νοο
341 254 426 312 xxv.
446 246 892 327 [Διιωοωοωαονε]

151 418 212 502 σίω
229 413 455 497 διαλέγεσθαι·
477 408 635 494 οὔτεγὰρ
651 413 721 476 ἔστι
736 408 818 494 μήτε
837 412 966 492 γίνοιτο
985 415 1096 495 τοῦτο,

114 558 117 567 ·
150 509 223 579 οὔτ’
243 508 307 595 ἐγιδ
323 515 453 596 νομίζω.
486 504 559 601 ἀλλ’
569 515 606 593 εί
612 505 659 595 τά
668 532 718 584 τις
726 501 1098 592 ἀραῆφίλοςῆγνάρν

149 609 211 696 μός
221 610 357 676 ἐστινέν
365 605 511 690 τούτοις,
525 601 569 683 ἀς
579 600 662 690 ὑπὲρ
673 604 928 672 τούτοντοῦτον
937 606 1098 690 προσήκει
1107 616 1153 676 796

149 720 267 793 μισεῖν,
276 713 373 773 τοῦτο
384 697 548 792 βοάλομαι
559 705 668 782 δεῖξαι.
690 710 824 789 πρῶτον
832 702 893 790 μὲν
902 701 1098 786 ὑτιάνδρά-

149 828 234 882 πονς
250 805 418 887 ἐπιεικεῖς,
439 799 620 887 οίςάγγάαι
636 804 691 869 καί
701 807 952 888 φιλανθρωπίαι
962 809 1097 886 γίγνοντ-

149 929 202 971 ται
219 903 275 970 καὶ
289 899 455 988 ὀφλήματ’
466 904 551 984 ῖδια,
574 893 623 978 οἷς
638 897 681 966 οά
696 898 963 986 πρόσεστι-κοινά
979 897 1098 985 ἀδική-

149 995 459 1087 ματα,ἦτνχηκέναι
469 999 506 1066 δὲ
515 1001 738 1085 συμβέβηκεν,
749 1003 796 1077 είς
804 995 866 1084 τὴν
877 995 995 1082 ὁμοίαν
1003 999 1095 1078 τάξιν

149 1100 256 1188 ίαντςδ
272 1100 328 1165 καῖ
343 1101 557 1184 βλασφημίαν
567 1095 670 1182 ἀγει,
682 1093 746 1165 οὑκ
755 1097 869 1181 ὀρθῶς
879 1096 958 1166 οὐδὲ
970 1120 1096 1183 προση-

105 1196 284 1276 ὃλκόντως.
305 1193 422 1283 οὑγάρ
433 1194 551 1282 ὅμοιόν
561 1197 660 1281 ἐστιν,
671 1193 915 1282 Ἀριστογεῖτον,
927 1193 1005 1264 οὑδὲ
1014 1204 1097 1264 πολ-

148 1303 211 1364 λοῦ
237 1299 303 1381 δεῖ,
321 1295 495 1380 γράψαντά
523 1314 561 1362 σε
586 1301 654 1363 τῶν
672 1303 817 1364 πολιτῶν
837 1310 924 1378 τρεῖς
943 1294 1097 1383 ἀκρίτοὺς

149 1392 340 1466 ἀποκτεῖναι
355 1391 492 1480 γραφὴν
507 1390 634 1461 ἁλῶναι
645 1394 871 1480 παρανόμων,
893 1395 947 1462 καὶ
964 1396 1097 1462 δέονσε

147 1492 308 1560 τεθνάναι
318 1494 371 1559 ἐπὶ
379 1491 482 1581 παὺτη
492 1485 806 1579 τιμήματοςτνχεῖν,
819 1495 875 1562 καὶ
886 1498 985 1577 φίλον
995 1497 1096 1578 ίγγν-

145 1591 315 1678 ησάμενον
341 1591 575 1677 μὴδύνασθαι
595 1596 712 1677 ζημίαν
731 1589 980 1675 ἀπροσδόκητον
1001 1593 1098 1675 ἐνεγ-

146 1702 232 1757 κεῖν·
255 1685 316 1773 οὑχ
333 1686 467 1776 ὅμοιον,
489 1689 538 1757 οὑ.
572 1687 680 1757 ἔπειθ’
697 1687 748 1755 ὅτι
764 1688 825 1774 τὴν
843 1685 961 1780 κοινὴν
971 1697 1097 1772 φιλαν-

146 1792 318 1875 δρωπίαν,
339 1783 383 1873 ἣν
403 1783 495 1874 ὑμεῖς
515 1785 596 1872 ἔχετ’
619 1789 655 1853 ἐκ
671 1785 803 1872 φάσεως
819 1783 902 1872 πρὸς
918 1783 1094 1874 ἀλλήλους,

147 1878 245 1965 οὑτος
255 1884 448 1973 ἀναιρεῖκαῖ
459 1890 647 1971 διαφθείρει
656 1883 694 1953 τδ
705 1882 785 1953 καθ’
800 1882 913 1954 αὑτόν.
948 1889 1049 1954 ῖδοιτε
1061 1885 1095 1953 δ’

146 1980 191 2054 ἀν
201 1988 369 2053 ἐντεῦθεν.
402 1981 495 2070 ὑμεῖς
510 1980 592 2070 γάρ,
603 1975 643 2050 ’ω’
653 1980 772 2068 ἀνδρες
780 1981 964 2070 Ἀθηναῖοι,
985 1992 1027 2072 τῇ
1036 1991 1095 2069 τῆς

147 2085 280 2171 φάσεως
290 2081 374 2171 πρὸς
384 2080 562 2170 ἀλλήλους,
580 2078 781 2169 ὑπερείπον,
798 2082 961 2170 χράμενοι
973 2091 1095 2168 φιλαν-

145 2191 297 2271 θρωπίη,
321 2180 431 2267 ὥσπερ
448 2185 485 2250 αί
500 2181 687 2267 συγγένειαι
702 2177 762 2261 τάς
778 2185 862 2260 ίδίας
879 2186 1029 2249 οἰκοῦσιν
1044 2185 1095 2248 οδ

104 2289 236 2366 sextae,
258 2278 346 2348 οὑτω
362 2276 822 2369 τηνπόλινοίκεῖτεδημοσίᾳ.
856 2272 1095 2357 πῶςοάνέκεῖ-

146 2405 217 2460 ναις
240 2376 327 2448 ὅπου
342 2378 448 2466 πατήρ
465 2382 534 2447 ἐστι
549 2380 605 2447 καὶ
621 2383 702 2457 νίεῖς
719 2379 853 2462 ἀνδρες,
875 2374 977 2462 τνχδν
992 2375 1029 2444 δὲ
1040 2379 1095 2444 καὶ

146 2477 277 2546 τούτων
299 2483 428 2558 παῖδες,
459 2474 596 2545 ἐνταῦθ’
621 2475 750 2563 ἀνάγκη
771 2473 895 2554 πολλάς
914 2477 969 2543 καί
990 2475 1095 2561 μηδὲν

146 2572 354 2660 δμοίαςείναι
362 2573 553 2661 βουλήσεις·
569 2571 611 2641 οὑ
620 2576 685 2661 γάρ
696 2582 764 2643 τάν
774 2571 884 2642 αὑτοὺν
895 2570 972 2642 οὑνε
983 2572 1094 2658 λόγων

147 2669 220 2738 οὔτ’
237 2676 344 2755 ἔργων
360 2672 449 2738 ἐστίν
464 2667 485 2756 ἡ
502 2672 617 2759 νεότης
632 2679 679 2762 τῷ
694 2671 789 2758 γήρα.
822 2670 896 2741 ἀλλ’
914 2670 1003 2758 ὅμως
1018 2675 1094 2739 οἵτε

146 2769 216 2835 νέοι
227 2764 333 2834 πάνθ’
347 2764 395 2836 ὑσ’
408 2765 451 2835 ἀν
461 2769 658 2856 πράττωσιν,
670 2768 774 2851 άνπερ
786 2759 848 2849 ἀοι
857 2773 992 2857 μέτριοι,
1004 2767 1093 2837 οὑτω

146 2871 300 2933 ποιοῦσιν
319 2862 404 2933 ὑστε
420 2867 560 2952 μάλιστα
576 2868 637 2953 μὲν
653 2872 832 2948 πειρᾶσθαι
841 2866 1041 2954 λανθάνειν,
1064 2873 1096 2936 εί
1116 2872 1120 2879 ’

147 2961 184 3032 δδ
199 2960 261 3051 μὴ,
284 2971 429 3051 φανεροί
439 2963 473 3050 γ’
492 2961 689 3032 εἶναιτοῦτο
708 2963 905 3049 βουλόμενοι
918 2979 1039 3032 ποιεῖν·
1062 2969 1097 3032 οἵ

68 3152 70 3156 ι
145 3087 182 3129 τε
193 3061 411 3147 πρεσβύτεροι
422 3061 539 3143 πάλιν,
551 3056 598 3126 ἀν
606 3057 663 3144 ἀρ’
676 3064 791 3129 ῖδωσιν
801 3057 823 3149 ἦ
835 3059 1019 3150 δαπάνηνῆ
1030 3061 1094 3131 πά-

145 3180 205 3225 τον
220 3153 248 3242 ἢ
260 3157 395 3226 παιδιάν
406 3164 507 3227 πλείω
516 3165 574 3242 τῆς
584 3167 731 3243 μετρίας,
751 3158 840 3229 οὑτω
851 3160 952 3229 ταῦθ’
967 3159 1094 3245 ὁρῶσιν

122 3274 128 3283 ’
146 3250 229 3322 ὥστε
245 3255 289 3338 μη
306 3257 417 3322 δοκεῖν
433 3256 614 3339 ἑορακέναι.
647 3259 683 3326 ἐκ
701 3261 737 3326 δὲ
753 3260 880 3336 τούτων
896 3267 1046 3346 γίγνεταί
1059 3286 1094 3328 τε

99 3347 295 3422 δεῖ-πάνθ”ἀ
311 3353 473 3437 φέρουσιν
490 3356 526 3419 αί
534 3352 652 3437 φάσεις
661 3357 716 3425 καὶ
729 3364 838 3434 καλῶς
847 3363 1001 3442 γίγνεται.
1033 3358 1094 3427 τὸν
1103 3367 1148 3427 797

147 3444 511 3537 αάτδντοίννντράπον
528 3447 637 3538 ὑμεῖς,
660 3446 1009 3541 ἀάνδρεςἍθηναῖοι,
1032 3455 1095 3543 τὴν
