2318 3894
283 201 425 307 m
459 243 848 308 υιαοκεινοτε.
975 243 1039 310 ιω

91 415 161 475 σων
178 408 231 474 καί
250 412 318 473 τῶν
337 409 556 489 δικαστηρίων
565 401 712 488 άκύρων
731 407 930 490 γενομένων.
961 413 1040 485 ἴσως

90 604 292 688 πραγμάτων
315 610 380 669 νῦν
400 602 455 668 καί
472 600 547 667 τότε
562 604 647 687 λέγω
664 602 739 684 περὶ
755 599 963 677 καταλύσεως
979 606 1040 668 τοῦ

90 701 206 786 δήμου.
243 696 318 766 ἀλλ’
331 695 408 766 ουδέ
419 702 548 784 σπερμα
559 703 613 765 δεῖ
620 697 839 784 καταβάλλειν
848 700 885 763 ἐν
894 723 935 785 τῃ
923 698 1040 766 πόλει

89 797 220 881 οὐδένα,
234 791 261 865 ὦ
271 797 390 883 άνδρες
400 799 559 880 δικασταὶ,
570 796 732 864 τοιούτων
742 793 954 880 πραγμάτων,
966 791 1038 864 οὐδ’

90 902 119 962 εί
134 897 179 981 μή
197 918 248 962 πω
266 891 307 962 άν
324 894 458 981 ἐκφύοι,
482 892 565 976 ἀλλὰ
576 893 701 961 καὶτὸν
711 897 920 980 ἐγχειροῦντα
931 894 1039 980 λέγειν

88 990 110 1080 ή
121 1008 227 1060 ποιεῖν
238 1020 269 1060 τι
277 1000 430 1062 τοιοῦτον
440 997 537 1077 δίκην
548 992 684 1059 διδόναι.

29 1118 80 1167 155
164 1088 236 1159 ’Ότι
264 1099 381 1159 τοίνυν
407 1093 462 1158 καί
482 1092 581 1176 τέχυή
601 1096 710 1168 κακός
731 1092 912 1175 ἐνεχείρησε
933 1105 1038 1159 ποιεῖν

91 1187 193 1274 ὑμᾶς,
216 1187 310 1270 άξιόυ
326 1191 415 1256 ἐστιν
431 1186 580 1255 άκούσαι.
614 1183 704 1272 ὅρων
714 1184 778 1271 γάρ
790 1185 942 1254 ἑκάστοτε
952 1186 1039 1281 πάν-

90 1311 164 1368 τας,
187 1288 242 1352 και
259 1283 337 1363 τούς
354 1289 628 1370 πολιτευομευους
637 1286 691 1351 καὶ
702 1308 780 1361 τους
791 1283 938 1367 ίδιωτας,
961 1282 1038 1363 τούς

90 1385 216 1488 νόμους
235 1391 304 1450 τῶν
323 1392 381 1468 τῆς
401 1383 528 1461 πόλεως
543 1379 683 1466 άγαδων
701 1387 826 1458 αἰτίους
844 1378 1037 1467 ὑποίαμβά·

90 1507 225 1565 νοντας,
250 1481 382 1565 ἐσκόπει
399 1506 469 1559 πως
485 1479 577 1567 λήσει
593 1479 731 1558 τούτους
746 1475 1037 1563 καταίύσας,κάν

89 1578 154 1662 άρα
166 1587 283 1666 ληφθῇ
292 1587 392 1646 τοῦτο
401 1602 522 1664 ποιων,
540 1605 584 1664 μη
574 1576 683 1658 δόξει
694 1577 806 1646 δεινὸν
817 1583 883 1665 μηδ
885 1577 1038 1659 ’άναιδές

30 1702 79 1756 156
89 1676 190 1762 μηδὲν
202 1676 387 1760 είργασθαι.
422 1701 521 1761 ευρεν
533 1701 597 1761 ουν
605 1674 737 1745 τούτου
749 1684 922 1764 πεποίηκε,
945 1676 1037 1767 νόμω

47 1837 50 1841 ,
89 1772 166 1852 τούς
182 1775 308 1860 νόμους
316 1782 515 1862 καταλῦσαι,
537 1779 593 1844 ἵνα
606 1771 800 1863 τάδικήματ’
814 1772 920 1842 αύτού
930 1773 969 1843 τό
981 1783 1038 1861 τῆς

92 1881 251 1967 σωτηρίας
261 1871 356 1960 ὄνομ’
369 1878 434 1962 ἔχῃ.
463 1878 541 1942 οἵτε
552 1874 615 1959 γάρ
627 1874 786 1953 σώζοντες
795 1871 856 1958 τήν
868 1871 966 1941 πόλιν
975 1875 1038 1941 είσί

90 1971 207 2056 νόμοι,Ι
224 1970 265 2039 ὅν
281 1997 316 2038 τε
334 1963 432 2050 οὗτος
448 1977 570 2057 ἔθηκεν
587 1968 687 2039 οὐδὲν
701 1973 839 2048 ἐκείνοις
848 1977 915 2037 τῶν
925 1966 1038 2037 αὐτοῖν

90 2072 221 2152 ἔχοντα,
237 2069 348 2154 νόμος.
381 2067 442 2154 τήν
452 2068 514 2154 μὲν
524 2061 589 2136 ούν
597 2076 658 2135 τοῦ
669 2065 831 2152 ὀνόματος
842 2075 1038 2151 φιλανθρω-

90 2173 186 2249 τίαν,
200 2164 250 2231 ὅτι
260 2166 385 2250 ταύτην
397 2163 436 2251 δή
447 2164 587 2250 μάλιστα
598 2172 794 2249 προσίεσθε,
811 2167 955 2231 κατεῖδε·
976 2163 1038 2248 τήν

92 2262 127 2328 δὲ
142 2268 271 2345 χρείαν,
293 2259 344 2327 ότι
362 2260 519 2328 τάναντία
537 2267 656 2347 ἔχουσα
673 2261 872 2347 φανήσεται,
895 2265 1037 2345 παρεῖδε
1046 2286 1099 2340 749

29 2391 81 2445 157
92 2360 172 2444 φέρε
189 2356 253 2441 γάρ
271 2380 355 2442 προς
364 2354 463 2442 Διος,
485 2357 611 2425 ἐστιν“
590 2380 680 2436 οστις
696 2352 740 2424 άν
756 2353 1035 2452 ήπρόεδρόςποτ’

90 2454 294 2541 πειγηφισεν
309 2482 329 2541 6
349 2476 510 2541 πρύτανις
519 2482 648 2525 τουτων
657 2482 689 2524 τι
698 2482 766 2524 των
777 2459 814 2524 ἐν
823 2481 869 2544 τῳ
880 2456 972 2546 νόμω
982 2483 1039 2544 γε-

40 2616 48 2640 ’,
88 2558 304 2642 γραμμένωνς
324 2553 389 2639 ἐγω
399 2554 461 2641 μὲν
475 2550 621 2622 ούδέν”“
599 2581 643 2622 αν
652 2553 751 2641 οἶμαι
783 2561 853 2633 πως
864 2579 927 2622 ουν
936 2554 1036 2625 τονθ

87 2651 208 2772 δαίδας
221 2652 327 2738 νόμον
338 2650 467 2720 ἔθετο*
446 2676 553 2738 ονομα
562 2667 630 2747 τοῖς
640 2649 746 2721 αὑτοῦ
756 2653 1035 2776 κακονργήμμσιν.

89 2749 129 2815 οὐ
140 2748 203 2832 γάρ
214 2747 341 2834 άπίως,
353 2747 460 2817 οάδ’“
440 2775 529 2830 οπως
538 2740 666 2873 ἐτυχμν,
678 2759 811 2820 ποιοῦσι
822 2779 930 2831 κακως
934 2751 1036 2873 ὑμάς,

90 2844 163 2910 ἀλλ’
182 2849 387 2933 ἐσκεμμένως
402 2842 559 2916 καὶτούτ’
572 2846 879 2934 αύτὸπράττοντες,
904 2841 1037 2935 06606-

89 2966 139 3008 τοι
150 2966 270 3029 μονον,
288 2943 371 3012 aua
382 2949 497 3015 πολλοὶ
507 2972 575 3014 των
586 2949 922 3032 πολιτευομένων,
888 2940 1037 3066 τοούτω

90 3039 263 3124 παριόντες
278 3040 355 3109 αύτί
354 3069 395 3110 κα
413 3043 452 3131 δή
470 3047 557 3130 μάλα
574 3045 919 3129 συναπολογήσονται,
940 3040 1036 3130 ούμά

87 3137 145 3217 Δί’
174 3138 217 3207 ού
242 3140 436 3225 Τιμοκράτει
455 3151 654 3229 χαρίσασθαι
674 3141 888 3229 βουλόμενοι,
914 3141 1037 3226 πόθεν,

36 3246 40 3250 ‘
87 3235 159 3305 ἀλλ’
179 3235 270 3327 αὑτῷ
287 3243 469 3326 συμφέρειν
483 3243 622 3320 ’ἕκαστος
640 3239 823 3328 ἡγούμενος
842 3239 902 3307 τόν
918 3239 1036 3330 νόμον·

89 3335 199 3420 ὥσπερ
210 3344 327 3405 τοίνυν
337 3331 430 3407 οὗτοι
440 3347 554 3426 σφίσιν
564 3338 676 3419 αύτοίς
686 3346 873 3426 βοηθοῦσιν
883 3336 932 3423 ἐφ’
940 3336 1035 3423 ὑμᾶς,

10 3452 80 3537 ζὶῠδ
88 3432 175 3502 οὕτω
188 3439 240 3504 δεῖ
247 3438 301 3504 καὶ
311 3433 397 3523 ὑμᾶς
407 3433 486 3524 ὑμῖν
496 3435 608 3517 αύτοῖς
618 3446 765 3524 βοηθεῖν.
793 3445 899 3509 καίτοι
909 3433 1037 3520 ἀνερω-
