2318 3894
134 234 198 300 270
338 237 435 301 xxlv.
464 230 880 297 ΔΗΜΟΣΘΕΝΟῬΣ
912 261 915 265 ·

88 479 92 486 Ι
133 403 210 476 τίως
219 403 362 463 τιθεῖσιν
372 396 509 470 ἐκείνοις
518 389 659 477 ὀργίλως
670 395 803 476 ἔχοντας
820 393 874 457 καῖ
885 388 1086 470 κολάζοντας

133 503 322 581 φαίνεσθαι.
346 492 419 561 οίδα
431 492 466 558 δὲ
480 490 700 576 Τιμοκράτην,
707 487 760 556 ὅτι
769 487 830 569 τδν
837 488 942 575 νόμον
953 489 1085 574 εἰσενή-

132 619 208 680 νοχε
219 601 340 661 τοῦτον
351 591 412 675 οὐχ
422 587 532 675 ἥκισθ’
544 586 630 670 ὑπὲρ
649 586 772 656 αὑτοῦ·
798 585 903 655 πολλὰ
915 585 979 672 νδρ
991 584 1084 672 ἡμεῖ-

124 701 169 759 ’το
180 690 413 757 πολιτεύεσθαι
423 684 495 770 παρ’
510 683 591 771 ὑμῖν
602 685 677 764 ὂίξια
688 690 820 771 δεσμοῦ.
1011 773 1016 778 7

73 811 125 864 ατο
216 787 385 870 Βούλομαι
403 792 519 852 τοίνυν
540 781 620 868 ὑμῖν
642 782 774 852 κάκεῖνο
800 783 1039 870 διηγήσασθαι,
1064 783 1083 850 6
1095 807 1099 817 '
1143 797 1147 800 ⁴

70 902 71 905 ’
136 891 220 971 φασί
234 881 307 951 ποτ’
326 889 429 950 εἰπεῖν
445 883 588 950 Σόλωνα
605 891 854 967 κατηγοροῦντα
870 883 976 968 νόμον
992 882 1083 961 τινδς

136 981 200 1049 οὐκ
221 981 404 1065 ἐπιτήδειον
425 985 552 1058 θέντος.
591 983 718 1065 λέγεται
739 978 803 1064 μὰρ
826 994 893 1058 τοῖς
915 984 1083 1057 δικασταῖς

137 1077 242 1146 αὐτὸν
260 1085 379 1163 εἰπεῖν,
402 1077 514 1164 ἐπειδὴ
530 1077 633 1145 τὸίῖῖα
650 1080 891 1164 κατηγόρησεν,
914 1077 965 1146 ὅτι
980 1078 1082 1165 νόμος

54 1223 57 1228 ·
137 1175 379 1257 ἐστὶνδιττοίσαις
391 1175 435 1256 ώς
446 1184 524 1255 ἔντος
536 1183 639 1244 εἰπεῖν
649 1192 720 1255 ταῖς
730 1175 882 1261 πόλεσιν,
903 1178 964 1244 ἐών
980 1203 1028 1257 τις
1045 1174 1081 1243 τδ

136 1277 280 1363 νόμισμα
292 1281 487 1363 διαφθείρη,
509 1275 661 1342 θάνατον
673 1273 733 1402 τηη
750 1280 865 1359 ζημίαν
877 1267 969 1342 εἰναι.
1007 1277 1083 1342 ἐντε-

134 1375 286 1462 ρωτήσας
303 1376 338 1444 δὲ
355 1381 385 1442 εί
402 1380 527 1452 δίκαιος
544 1370 656 1450 αὐτοῖς
673 1399 727 1440 και
717 1375 845 1451 καῖως
856 1369 967 1458 ἔχών“
951 1399 968 1441 ο
981 1371 1083 1457 νόμος

76 1494 128 1547 213
137 1482 288 1560 φαίνεται
295 1471 428 1594 ,ἐηειδη
442 1480 545 1557 φῆσαι
556 1471 634 1551 τοδς
646 1468 816 1556 δικαστὰς,
841 1467 975 1538 εἰπεῖν
955 1496 1009 1538 οτι
1020 1466 1082 1536 αὐ-
1092 1487 1139 1542 766

136 1572 192 1653 τδς
202 1571 326 1658 ἡγεῖται
337 1569 500 1692 ἀρηώριον
510 1597 570 1654 μεν
581 1570 703 1654 νόμισμ
702 1567 881 1635 ἐίναιτών
892 1573 986 1635 ἰδίων
998 1589 1083 1634 σνν

138 1670 395 1754 αῖῖανμοίτων“
375 1694 473 1735 ενεκα
488 1683 556 1745 τοῖς
573 1668 716 1745 ἰδιώταις
739 1665 937 1753 εὑρημένον,
957 1665 1037 1744 τοὺς
1049 1668 1084 1733 δὲ

138 1768 261 1852 νόμους
271 1763 381 1850 ἡγοῖτο
392 1766 537 1849 νόμισμα
547 1772 603 1849 τῆς
615 1764 741 1842 πόλεως
752 1765 844 1832 εἶναι.
872 1771 943 1833 δεῖν
954 1763 993 1851 66
1007 1765 1083 1842 τοὺς

133 1862 292 1940 δικαστὰς
303 1868 413 1950 πολλῷ
424 1869 559 1946 μᾶλλον,
572 1873 659 1942 είτις
670 1861 690 1930 δ
700 1873 757 1950 τῆς
768 1863 893 1943 πόλεώς
909 1859 976 1932 ἐστι
988 1863 1083 1950 νόμι-

3 1985 5 1987 ·
99 2002 103 2008 ·
134 1981 215 2048 σμα,
225 1968 324 2029 τοῦτο
336 1964 522 2046 διαφθείρει
531 1965 586 2030 καὶ
597 1961 793 2048 παράσημον
804 1962 964 2046 εἰσφέρει,
976 1976 1083 2047 μισεῖν

39 2063 44 2069 ’
137 2061 192 2129 καί
214 2059 373 2151 κολάζειν,
393 2054 416 2145 6
435 2069 532 2138 εἴτις
553 2063 657 2127 ἐκεῖνο
687 2062 706 2128 δ
732 2067 800 2127 τών
822 2060 962 2127 ἰδιωτῶν
985 2063 1080 2126 ἐστίν.

75 2170 129 2222 214
138 2169 334 2244 προσθεῖναι
345 2158 380 2226 δὲ
391 2158 567 2243 τεκμήριον
577 2165 638 2226 τοῦ
648 2159 701 2226 καὶ
712 2163 821 2243 μειῖον
829 2157 911 2224 εἶναι
920 2153 1084 2243 τάδίκημα

61 2308 68 2312 -
137 2257 174 2326 τδ
184 2256 263 2336 τοὺς
273 2255 611 2342 νόμονςδιαφθείρειν
621 2252 683 2342 ἧτό
692 2255 864 2343 ἀργύριον,
873 2255 924 2323 ὅτι
935 2254 1083 2344 ἀργυρίῳ

35 2409 38 2412 -
136 2356 196 2442 μὲν
209 2360 326 2424 πολλοὶ
340 2364 407 2423 τών
427 2356 557 2422 πόλεων
570 2357 624 2423 καὶ
636 2362 789 2440 φανερῶς
801 2352 883 2440 πρὸς
893 2351 1018 2440 χαλκὸν
1030 2357 1083 2420 καὶ

134 2454 307 2540 μόλυβδον
313 2455 501 2541 κεκραμένῳ
513 2454 678 2539 χρώμεναι
690 2455 848 2534 σώζονται
858 2455 912 2521 καὶ
924 2449 1001 2520 οὐδ’
1013 2449 1083 2520 ὁτι-

135 2550 295 2634 οῦνπαρδι
303 2558 399 2617 τοῦτο
407 2550 579 2635 πάσχουσι,
588 2551 702 2637 νόμοις
715 2554 751 2622 δὲ
758 2567 914 2640 πονηροῖς
918 2551 1084 2639 χρώμενοι

136 2650 191 2716 καὶ
209 2648 464 2734 διαφθείρεσθαι
480 2648 558 2727 τοὺς
575 2648 673 2729 ὄντας
684 2654 802 2730 ἐῶντες
813 2648 948 2730 οὐδένες
959 2647 1082 2718 πώποτ’

136 2745 319 2830 ἐσώθησαν.
354 2745 456 2834 ταώτη
477 2750 589 2874 μίητοι
612 2757 651 2836 τῇ
674 2755 852 2836 κατηγορία
878 2749 1083 2836 Τιμοκράτης

136 2844 250 2926 ἔνοχος
260 2844 443 2927 καθέστηκε
459 2848 553 2931 νννι,
577 2844 631 2913 καὶ
649 2843 813 2925 δικαίως”
791 2874 834 2915 αν
846 2844 901 2965 66'
914 2844 1011 2933 ὑμών
1022 2853 1084 2914 τοῦ

138 2939 672 3066 προσηκοντοςτώηοιτιμήματος.

75 3053 154 3109 215
221 3041 292 3127 Χρὴ
312 3036 431 3127 μὲν
388 3068 453 3110 ονν
470 3050 571 3109 πᾶσιν
588 3039 725 3124 ὀργίλως
740 3043 878 3130 ἔχειν,
865 3044 939 3112 ο’σοι
954 3046 1085 3112 τνθεασι

135 3136 263 3221 νόμους
273 3138 429 3226 αἰσχροὺς
440 3144 494 3208 καὶ
505 3164 673 3225 τιονηρονς
679 3191 688 3225 ,
714 3143 855 3227 μάλιστα
867 3145 902 3211 δὲ
913 3143 1042 3220 τούτοις
1053 3148 1088 3209 οἰ

137 3235 397 3314 τοδςτοιοώτονς
408 3247 476 3304 τών
486 3238 601 3316 νόμιον
614 3243 857 3328 διαφθείρουσι,
881 3234 962 3308 δι’
934 3269 983 3310 οιν
995 3246 1085 3308 ἔστιν

136 3359 157 3418 η
170 3359 292 3421 μικραν
308 3361 328 3418 η
317 3329 487 3420 μεγαῖην
500 3333 635 3402 εἶναι
600 3363 661 3423 την
677 3339 783 3407 πόλιν.
818 3346 867 3413 εἰσ
868 3337 919 3406 ἰδ’
932 3363 1026 3406 οντοι
1034 3345 1085 3406 τι

138 3455 207 3510 νες;
224 3433 259 3498 οί
267 3456 301 3499 τε
312 3457 390 3510 τονς
401 3428 637 3513 αδικονντας
608 3462 866 3525 τιμώρονμενοι
858 3436 951 3506 καὶ
930 3456 1004 3505 οσοι
1015 3452 1085 3516 τοῖς
