2318 3894
139 257 201 321 ιτα
324 260 446 319 xxxv1.
483 226 899 319 ΔΗκοΣουάονΣ

116 455 131 512 7
214 414 276 486 Ου
295 418 356 503 μὲν
371 424 488 484 τοίνυν
503 416 630 500 τρόπον
647 413 668 500 ἡ
686 421 849 500 μίσθωσις
864 419 1098 503 &immt-
1026 443 1098 540 με·

139 517 345 603 μαρτύρηται
363 512 445 599 ὑμῖν
462 511 520 580 ὑπ’
541 512 646 580 αὐτοῦ
661 537 722 582 τον
712 516 999 633 ἐπικαθημένου
1021 539 1097 584 επι-

24 641 33 654 ·
138 616 318 700 μενομευης
329 610 365 680 θλ
375 609 600 701 αρροτστίας
569 636 614 678 τω
603 617 775 679 Πασίωνι
785 637 866 698 μετα
877 615 1096 699 ταυτα,σκε

15 743 25 760 ·
138 709 246 793 ψασθ’
266 708 286 777 ἆ
282 710 442 778 διέθετο.
472 710 554 796 λαβὲ
568 716 635 796 τῆς
643 708 860 797 διαθήκης
826 737 864 779 το
882 709 1095 798 ἀντίγραφον

48 815 55 827 ’
138 809 238 878 καὶ
203 835 265 895 την
274 807 458 894 προκλησιν
467 810 605 894 ταυτηνὶ
615 806 716 878 καί
680 835 738 888 τας
748 809 930 896 μαρτυρίας
940 812 1092 895 ταυτασὶ

138 931 204 992 παρ
209 900 311 983 ἀοίς
311 909 636 992 ίὸιαθῆκαικεῖνται.

153 1080 422 1142 ·ΔΙΑΘΗΚΗ.
453 1081 734 1145 ΠΡΟΚΛΗΣΙΣ.’
763 1081 1025 1145 ΜΑΡΊῬΡΙΛΙ.
1125 1119 1127 1123 «

217 1197 1005 1299 ἘπειδὴτοίνυνὁΠασίωνίτετελειπήκειταῦτα
1014 1209 1090 1274 θια-

110 1238 295 1421 8θέμενος,
318 1307 475 1386 Φορμίων
491 1297 655 1369 οὑτοσὶ
619 1329 681 1388 την
696 1305 757 1388 μὲν
772 1300 914 1388 γυναῖκα
924 1304 1095 1423 λαμβάνει

136 1399 219 1467 κατά
237 1424 301 1485 την
318 1400 500 1492 διαθήκην,
521 1397 582 1467 τόν
598 1403 633 1468 δὲ
645 1405 744 1468 παῖδα
754 1401 984 1486 ἐπετρόπευεν.
1025 1398 1088 1486 ἆρ-

137 1499 296 1579 παίζοντος
313 1501 348 1565 δὲ
366 1497 487 1566 τούτου
504 1499 560 1566 καὶ
570 1496 708 1566 πολλά’
688 1499 752 1566 από
763 1505 887 1566 κοινῶν
897 1497 1008 1567 όντων
1018 1506 1089 1567 τῶν

136 1597 313 1683 χρημάτων
323 1596 512 1664 ἀναλίσκειν
524 1600 678 1682 οίομένου
689 1600 775 1681 δεῖν,
788 1596 993 1681 λογιζόμενοι
1003 1594 1134 1681 πρός

15 1763 17 1769 ,
136 1695 274 1772 ἑαυτους
284 1697 318 1760 οί
326 1693 525 1776 ἐπίτροποι
505 1719 571 1779 οτι,
589 1694 737 1779 ίθεησει
747 1720 830 1762 κατα
840 1721 898 1774 τας
909 1694 1086 1782 θιαθηκας,

25 1804 33 1811 ’
136 1790 189 1860 όσ’
204 1818 248 1859 αν
258 1781 355 1867 οντος
366 1793 402 1857 ἐκ
413 1813 536 1857 κοινων
546 1815 615 1858 των
624 1816 802 1877 χρηματων
812 1791 987 1880 αναλωση,
1004 1793 1086 1862 τού-

134 1907 212 1967 τους
227 1876 396 1969 ἐξὲλόντας
412 1877 646 1974 ἀντιμοιρεὶ
609 1915 649 1956 τα
666 1891 765 1958 λοιποὶ
776 1895 903 1976 νέμειν,
925 1889 1032 1958 οὐδ”
1016 1916 1086 1958 οτι-

134 1996 198 2058 οῦν
214 1994 303 2056 ἔσται
314 1985 446 2073 περιὸν,
468 1987 693 2074 νείμασθαι
656 2015 696 2056 τα
707 1988 788 2058 ὄντα
799 1989 882 2071 ὑπὲρ
893 2013 954 2056 του
941 1986 1136 2068 uxamam

110 2093 292 2174 ρὲγνωσαν.
314 2113 368 2155 και
358 2087 576 2172 νέμονται
540 2113 603 2172 την
611 2087 716 2173 αλλην
724 2084 843 2154 ουσίαν
852 2078 979 2173 πλην
950 2113 1001 2155 ων
1010 2090 1086 2173 ἔμε·

135 2192 283 2273 μίσθοτο
305 2183 434 2253 οὑτοσί·
455 2185 584 2254 τούτων
605 2187 642 2255 δὲ
661 2193 720 2272 της
737 2185 906 2272 προσόδου
924 2183 991 2271 τὴν
1007 2183 1086 2272 ἡμί-

69 2347 73 2355 .
135 2305 229 2352 σειαν
248 2284 356 2371 τούτῳ
380 2281 590 2351 ἀπεδίδοσαν.
625 2282 701 2370 ἀχρι
721 2284 781 2368 μὲν
804 2277 867 2351 οὖν
882 2284 1007 2352 τούτου
1023 2292 1086 2353 τοῦ

130 2385 257 2474 χρόνον
268 2390 336 2461 πῶς
348 2381 453 2450 ἔνεστ’
465 2384 614 2465 ἐγκαλεῖν
625 2379 715 2470 αὐτῷ
725 2380 935 2467 μισθώσεωςς
959 2379 1002 2453 οὗ
1018 2380 1084 2468 μάρ

133 2491 215 2566 νῦν,
238 2480 322 2549 ἀλλά
342 2478 411 2549 τότ’
430 2478 536 2559 εάθάς
552 2484 619 2548 ἔδει
633 2487 872 2566 χαλεπαίνοντα
889 2485 1081 2565 φαίνεσθαι.

132 2581 187 2647 καὶ
198 2578 264 2665 μὴν
274 2575 353 2647 οὐδὲ
363 2577 420 2656 τὰς
430 2582 662 2664 ἐπιγενομένας
673 2579 854 2663 μισθώσεις
862 2575 907 2656 ὡς
916 2574 979 2645 οὐκ
987 2575 1083 2646 ἀπεί-

88 2694 121 2746 10
133 2685 239 2761 ληφεν
251 2673 318 2743 ἔστ’
331 2675 546 2762 είπεινάντμ.
569 2676 685 2762 οὐγὰρ
699 2676 742 2744 ἀν
754 2700 848 2760 ποτε,
865 2674 976 2762 ἐπειδὴ
990 2682 1082 2745 δοκι-

132 2775 319 2859 μασθέντος
337 2778 542 2852 Πασικλέους
562 2774 782 2867 ἀπηλλάττετο
802 2781 860 2860 τῆς
887 2773 1082 2858 μισθώσεως

26 2917 28 2922 -
90 2944 92 2948 ,
132 2867 250 2956 ‹50⁶st
231 2869 376 2955 αφήκατ’
398 2865 443 2938 ἀν
464 2868 568 2939 αὐτόν
589 2869 746 2939 ἁπάντων
764 2897 834 2938 των
855 2872 1080 2959 ἐγκλημάτων,

132 2966 215 3036 ἀλλὰ
232 2964 302 3035 τότ’
319 2993 363 3034 αν
373 2991 569 3055 παραχρημα
579 2982 746 3056 απητειτε,
769 2978 801 3038 εί
808 2996 839 3036 τι
850 2969 1082 3055 προσωφειλεν

132 3064 219 3151 ὑμῖν.
235 3061 298 3144 ,ὡς
312 3072 429 3134 τοίνυν
438 3074 520 3133 ταῦτ
524 3063 655 3152 ’ἀληθῆ
667 3071 767 3153 λέγω,
788 3068 844 3136 καὶ
856 3071 1005 3153 ἐνείματο
1020 3057 1082 3134 οὖ-

131 3187 186 3241 τος
200 3161 282 3245 πρὸς
292 3160 353 3230 τόν
363 3157 513 3249 ἀδελφόν
521 3162 612 3231 παλδ’
627 3162 724 3251 ὄντα,
745 3166 799 3234 καὶ
810 3162 946 3250 ἀφῆκαν
956 3171 1015 3251 τῆς
1025 3190 1081 3250 μι-

39 3259 43 3264 ’
132 3259 290 3335 σθιόσεως
305 3260 362 3326 καὶ
377 3268 446 3327 τῶν
456 3260 568 3329 ἀλλων
578 3260 736 3332 ἁπάντων
745 3266 975 3351 ἐγκλημάτων,
997 3263 1080 3348 λαβὲ

129 3354 539 3443 ταυτηνὶτηνμαρτυρίαν.
