2318 3894
225 233 367 296 ΚΑΤΑ
386 231 844 301 ΑΡιΣνοιιΡΑνουΣ.
944 235 1005 302 ιιο
1122 294 1132 321 ,

58 392 132 480 οὐχί
141 398 252 472 καλῶς
261 398 326 478 ἔχει
336 390 379 478 μὴ
392 400 490 461 λῦσαι
501 391 538 460 τδ
552 393 708 480 ψήφισμα
719 395 807 481 ὑμῖν.
830 403 878 474 τίς
889 395 952 484 γάρ
964 395 1005 465 οὐ

56 491 180 578 γράψει
191 497 331 576 δαρρων
342 489 453 573 πάλιν,
462 487 545 576 ἡνίκ’
560 487 603 559 άν
612 485 635 579 ᾖ
644 501 744 561 ’τοῦτο
755 492 1016 580 άποπεφευμοί,·;Ι

56 595 104 667 τίς
115 584 149 656 δ’
162 583 226 655 οὐκ
235 590 420 674 έπιψηφιεί;
442 597 491 666 τίς
503 591 539 656 δδ
549 589 726 675 μράφεταις
747 591 789 659 οὐ
800 599 917 661 τοίνυν
926 601 1008 661 τοῦ·

57 713 93 754 το
104 687 285 771 σκεπτέον,
304 692 334 754 εί
343 684 434 753 τοῦτ’
446 692 536 754 ἔστιν
548 685 676 770 άκυρον
689 701 758 766 τοϊς
767 689 917 774 χρόνοις,
939 688 1005 759 ἀλλ’

58 787 177 870 έκείνο,
199 782 313 872 ὅτιτῇ
336 786 410 870 περὶ
432 784 554 852 τούτου
574 786 687 874 ψήφῳ,
710 795 775 854 νῦν
795 787 854 856 έάν
876 786 1009 875 άποφη-

54 891 223 982 φίσησθε,
239 896 309 963 τοῖς
319 880 447 952 άδικεῖν
457 886 675 971 βουλομένοις
685 877 786 963 αὖθις
796 882 881 972 ὑμᾶς
891 885 1007 955 άδειαν

59 981 190 1051 δάσετε.
370 1044 377 1057 „
608 1018 613 1025 ·

25 1088 71 1142 95·
144 1077 198 1148 Οὐ
208 1056 324 1147 τοίνυν
335 1078 410 1148 οὐδ’
421 1080 528 1149 έκελνό
539 1106 588 1167 με,
603 1073 758 1165 οδάνδρες
766 1080 945 1168 Ἀθηναῖοι,
953 1086 1008 1150 λέ-

29 1205 33 1213 ·
61 1188 177 1266 ληθεν,
185 1175 237 1245 ὅτι
245 1175 425 1265 άπλῆνμέν
435 1178 514 1247 οὐδὲ
525 1178 730 1271 δικαίανοόδ
735 1178 742 1202 ’
755 1178 914 1266 ἡντινοῦν
925 1178 1009 1248 άπο-

62 1282 179 1362 λογίαν
187 1274 437 1363 Ἀριστοκράτης
448 1277 513 1356 ἕξει
525 1281 651 1361 λέγειν,
670 1276 870 1363 παραγωγάς
888 1278 923 1346 δέ
940 1304 1010 1346 τοι-

62 1376 164 1454 αύτας
180 1372 273 1452 τινάς
288 1377 370 1460 έρεῖ,
393 1373 438 1453 ὡς
455 1372 519 1459 άρα
537 1371 641 1441 πολλά
664 1373 790 1441 τοιαῦτ’
810 1374 875 1461 ἤδη
892 1377 1025 1459 μέμονε·

27 1520 33 1526 -
62 1480 256 1561 ψηφίσματα
266 1480 407 1550 πολλοῖς.
431 1470 545 1540 ἔστιδ’
558 1471 667 1559 οὐδὲν,
687 1465 715 1539 ά
726 1472 1010 1559 άνδρεςἏθηναλ-

62 1598 106 1658 οι,
117 1579 218 1639 τοῦτο
230 1585 366 1657 σημεῖον
377 1579 439 1638 τοῦ
456 1578 578 1639 τοῦτον
589 1576 714 1656 έννομα
725 1575 904 1657 εἰρηκέναι·
927 1580 1010 1639 πολ-

62 1671 112 1738 λεδ
128 1666 195 1755 γάρ
213 1669 397 1754 προφάσεις
415 1672 479 1738 είσλ
495 1667 533 1757 δι’
547 1666 586 1748 ἃς
603 1671 762 1754 πολλάκις
780 1669 872 1758 ὑμεῖς
889 1671 1026 1757 ἐξηπά-.

61 1777 173 1854 τησθε.
208 1762 331 1836 οἱονεί
350 1794 381 1835 τι
403 1775 470 1834 τῶν
492 1765 671 1853 ἡλωκότων
693 1770 916 1855 ψηφισμάτων
934 1767 1007 1852 παρ’

32 1862 141 1952 λίδμτν
156 1863 202 1952 μὴ
221 1864 366 1952 ἐγράφη,
384 1864 504 1951 κύριον
520 1861 563 1957 άν
582 1867 756 1954 δήπουθεν
772 1861 832 1953 ἦν·
865 1868 920 1935 καὶ
942 1866 1009 1953 μην

64 1963 150 2048 παρά
166 1960 246 2042 τοδς
256 1964 383 2049 νόμους
393 1961 421 2049 μ’
434 1960 477 2031 δν
488 1974 607 2051 είρητο.
639 1966 694 2032 καλ
705 1974 738 2032 εί
745 1972 779 2032 τί
791 1990 829 2049 με
845 1961 1009 2050 μραφὲντῖ

64 2064 289 2148 καθυφέντων
298 2069 366 2130 τῶν
376 2059 604 2149 κατημόρωντῖ
621 2062 665 2149 μὴ
679 2067 895 2148 δυνηθέντων
906 2061 1010 2148 μηδὲν

66 2160 193 2242 διδάξαι
204 2157 372 2247 ἀπέφυγε,
391 2163 446 2229 καὶ
463 2170 561 2228 τοῦτο
573 2160 673 2228 ου’δέν
684 2161 806 2228 κωλύει
816 2159 1011 2245 παράνομον

65 2258 155 2328 εἶναι.
190 2257 253 2327 οὐκ
271 2256 319 2343 ἄρ’
333 2257 534 2347 εὐορκοῦσιν
551 2263 585 2326 οί
596 2258 794 2333 ’δικάσαντες
811 2255 910 2336 αὐτό;
944 2261 1008 2323 ναί.

63 2360 148 2441 ’τοῖςς
182 2355 247 2445 ἐγώ
274 2358 405 2438 διδάξω.
447 2355 564 2442 ννάμη
590 2362 632 2442 τῇ
653 2351 841 2440 δικαιοτάτη
864 2352 1012 2419 δικάσειν
1119 2371 1126 2384 “

65 2453 278 2543 ὀμωμόκασιν
284 2506 294 2541 ,
316 2452 336 2543 ἡ
352 2455 388 2523 δὲ
403 2462 461 2542 τῆς
477 2454 610 2548 μνάμης
628 2452 707 2531 δόξα
719 2448 779 2536 ἀφ’
795 2442 842 2518 οἷν
853 2445 896 2516 δν
908 2448 1013 2517 άκοό-
1104 2482 1109 2491 ·

63 2575 144 2624 σωσι
158 2562 370 2640 παρίσταται·
390 2552 446 2622 ὅτε
461 2559 576 2621 τοίνυν
588 2548 671 2619 κατὰ
680 2548 813 2635 ’ταύτην
824 2553 940 2616 ἔθεντο
951 2546 1013 2633 τὴν

32 2650 391 2741 λλόῆφον,εάσεβοῦσι.
414 2659 478 2730 τοῖς
489 2651 553 2736 γάρ
564 2648 582 2718 δ
595 2648 674 2736 μήτε
685 2647 728 2716 δι’
740 2652 866 2735 ἔχθραν
876 2646 956 2734 μήτε
967 2643 1011 2714 δι’

65 2751 202 2820 εὔνοιαν
223 2751 304 2837 μήτε
326 2750 371 2818 δι’
394 2749 499 2835 άλλην
519 2747 637 2816 άδικον
657 2748 839 2833 πρόφασινΙ
851 2751 1013 2834 μηδεμίαν

64 2846 141 2935 παρ’
161 2845 379 2935 ἃμιμνάσκει
394 2853 536 2934 θέμενος
546 2844 734 2932 τὴνφῆφον
744 2843 885 2932 εὐσεβεῖ·
911 2843 1073 2930 είμὰρόοδ

63 2945 210 3035 ἠγνόησέ
223 2970 255 3013 τι
272 2946 523 3032 διδασκόμενος,
547 2952 609 3013 τοῦ
624 2942 668 3029 μὴ
687 2958 835 3011 συνεῖναι
847 2947 942 3027 δίκην
955 2942 1014 3008 οὐκ

63 3043 192 3133 δφείλει
201 3049 338 3115 δοῦναι·
355 3042 428 3113 ἀλλ’
442 3053 528 3121 είτις
541 3043 635 3120 είδώς
647 3046 793 3119 έκείνονς
805 3041 1017 3125 προδέδωκεν

63 3138 84 3228 ἢ
94 3134 256 3231 ἐξαπατᾷ,
277 3135 373 3220 οὗτός
382 3139 450 3209 ἐστ’
462 3145 574 3225 ἔνοχος
586 3147 626 3224 τῇ
636 3134 711 3225 άρᾷ.
745 3135 1017 3224 διόπερκαταριῖ-

64 3267 119 3309 ται
132 3238 216 3309 καθ’
235 3237 376 3324 ἑκάστην
391 3241 565 3324 ἐκκλησίαν
582 3233 599 3303 ὁ
618 3241 722 3321 κῆρυξ
732 3231 795 3302 οὐκ
806 3243 839 3303 εί
846 3260 932 3312 τινες
944 3236 1016 3320 ἐξη·

65 3338 284 3426 πατήδησαν,
302 3334 374 3404 ἀλλ’
387 3345 420 3405 εί
425 3362 472 3415 τις
483 3338 624 3422 ἐξαπατᾷ
636 3335 741 3417 λέγων
751 3328 773 3418 ἢ
784 3331 911 3418 βουλὴν
921 3328 944 3417 ἦ
956 3336 1016 3416 δη-

22 3432 237 3526 ρθμονῆτην
247 3433 386 3523 ἡλιαίαν.
420 3434 463 3522 μὴ
477 3431 627 3521 δὴτοῦδ’
640 3431 720 3519 ὑμίν
735 3435 807 3499 έάτε
823 3433 949 3516 λέγειν,
971 3427 1020 3507 οἱς·
