2318 3894
165 239 207 303 τι
313 242 443 300 ιιι.
484 192 901 301 Διιιιοεοιικοόε

166 398 226 485 γδς
237 390 297 486 ἦν·
317 394 404 477 τίς”
382 425 426 465 αν
442 391 506 466 οὖν
525 399 641 482 ἑτέραν
657 401 765 466 είλετο
776 393 975 483 τιμωρίαν
951 426 972 484 η
994 396 1058 485 τήν
1079 402 1114 466 ἐκ

165 505 226 567 τού
237 497 343 584 νόμου
355 495 438 564 κατά
449 523 517 563 των
528 496 651 581 περὶ
615 521 677 580 την
693 494 810 580 ἑορτήν
826 495 1036 563 ἀδικούντων
1053 489 1115 564 ού-

124 607 246 678 λλσανς
270 593 363 663 ταῦτ’
388 589 427 662 εύ
450 592 559 662 οἶδ’“
539 621 590 662 οτι
611 592 708 661 πάντ’
720 589 773 660 ἀν
788 599 899 678 ἔλεγεν
916 585 1014 673 οὗτος
1028 594 1113 663 τότε.

166 695 351 815 φεύγοντος
361 689 472 777 μὲν
434 719 515 779 γαρ,
534 691 639 777 οἶμαι,
657 691 712 760 καὶ
722 689 916 777 ἠδικηκότος
928 691 1041 760 ἐστὶ
1005 719 1043 760 το
1055 691 1115 762 τόν

158 794 315 878 παρόντα
326 793 455 913 τρόπον
463 819 522 860 του
510 797 652 860 δούναι
663 796 759 877 δίκην
776 789 1040 881 διακρουόμενον
1055 793 1115 860 τόν

168 891 230 962 ούκ
243 889 322 960 ἀνθ’
337 918 381 969 ως
391 895 455 958 εδει
465 892 622 975 γενεσθαι
633 894 757 975 λέγειν,
775 894 939 956 δικαστῶν
950 892 990 956 δέ
998 915 1036 974 γε
1045 911 1113 959 σω·

167 991 305 1077 φρόντιν
325 990 453 1067 τούτοις
472 1014 508 1056 τε
529 989 572 1075 μή
590 992 761 1072 προσέχειν
776 985 889 1056 καλόν
905 983 949 1055 ἀν
964 976 1113 1109 λάβωσιν

125 1087 405 1173 λδάσελγαίνλιντα
426 1087 585 1166 κολάζειν.
627 1086 671 1171 μή
695 1084 735 1172 δή
758 1094 856 1154 τοῦτο
878 1091 986 1171 λέγειν
1007 1083 1125 1165 αὐτόν

166 1191 259 1270 ἐάτε,
282 1185 333 1254 ὅτι
344 1188 399 1254 καλ
410 1189 503 1264 δίκας
513 1191 597 1263 ἰδίοις
610 1182 772 1253 δίδωσινὸ
786 1185 886 1269 νόμος
897 1211 953 1270 μοι
963 1187 1018 1252 καί
1028 1212 1113 1273 γρα-

150 1288 236 1373 φήν
246 1283 389 1371 ὕβρεως·
405 1274 518 1351 δίδωσι
528 1283 606 1368 γάρ·
622 1281 690 1351 ἀλλ’
703 1281 747 1361 ὦς
757 1280 799 1351 ού
810 1291 989 1368 πεποίηκεν
1000 1282 1022 1353 ἀ
1032 1311 1113 1352 κατ.-

164 1385 333 1473 ηγόρηκα,
356 1379 379 1469 ή
408 1380 599 1468 πεποιηκός
622 1380 663 1449 ού
685 1384 759 1464 περὶ
779 1380 841 1467 τήν
862 1378 980 1467 ἑορτήν
995 1379 1111 1459 ἀδικεί,

165 1490 263 1551 τούτο
277 1481 452 1548 δεικνύτω·
474 1489 571 1547 τοῦτο
583 1481 647 1566 γάρ
659 1478 762 1547 αὐτόν
778 1481 842 1565 ἐγὼ
859 1478 1110 1568 προύβαλόμην,

165 1584 220 1649 καί
232 1582 305 1662 περὶ
315 1579 438 1645 τούτου
448 1575 509 1663 τήν
520 1586 635 1662 ψῆφον
645 1587 748 1646 οἰσετε
760 1586 826 1645 νύν
835 1576 936 1664 ὑμεῖς.
962 1585 993 1647 εἰ
1001 1577 1033 1646 δ’
1047 1577 1112 1664 ἐγω

164 1677 227 1764 τήν
244 1679 296 1745 έπί
317 1684 385 1743 τῶν
406 1680 500 1743 ἰδίων
521 1680 624 1742 δικῶν
641 1683 831 1757 πλεονεξίαν
848 1675 942 1762 ἀφεὶς
958 1685 1001 1766 τῇ
1016 1678 1112 1747 πόλει

164 1781 351 1860 παραχωρῶ
358 1779 415 1858 τῆς
423 1778 587 1859 τιμωρίας,
595 1775 649 1840 καί
657 1782 778 1841 τοῦτον
787 1776 920 1860 εἱλόμην
928 1772 989 1843 τὸν
997 1775 1112 1860 ἀγῶνα

66 1947 67 1950 ¹
163 1872 225 1956 ἀφ’
240 1865 284 1939 ού
294 1870 397 1957 μηδὲν
407 1875 474 1938 ἔστι
485 1880 594 1957 λῆμμα
607 1876 816 1958 λαβεῖνέμοὶ,
834 1875 946 1961 χάριν,
970 1873 1011 1944 ού
1028 1874 1113 1962 βλά-
1149 1911 1157 1932 ³

165 1977 231 2058 βην
241 1967 350 2055 δήπου
360 1967 453 2037 τοῦτ’
464 1965 507 2038 ἀν
519 1970 651 2049 εἰκότως
660 1974 788 2055 ἐνέγκοι
799 1998 854 2056 μοι
865 1971 943 2058 παρ’
957 1969 1064 2059 ὑμῶν.

23 2072 31 2081 ”
122 2077 158 2133 29
248 2068 336 2139 ,Οἶδα
357 2075 473 2136 τοίνυν
494 2066 545 2137 ὅτι
565 2071 620 2137 καὶ
640 2061 754 2158 τόύτφ
765 2079 877 2159 πολλῷ
894 2069 1050 2158 χρήσεταί
1065 2080 1113 2160 τῷ

165 2168 254 2257 λόγῳ
268 2164 335 2253 ’μή
352 2193 392 2253 με
402 2169 615 2252 Δημοσθένει
625 2172 814 2254 παραδῶτε,
836 2170 917 2255 μηδὲ
929 2168 983 2239 διά
993 2178 1112 2258 Δημο-

161 2263 311 2352 “σθένην
321 2292 361 2352 με
374 2263 518 2352 ἀνέλητε.
541 2264 592 2335 ότι
603 2271 715 2357 ἐκείνῳ
727 2275 875 2353 πολεμῶ,
894 2267 948 2338 διά
958 2269 1061 2338 τοῦτό
1067 2295 1111 2357 με

158 2361 374 2452 ’ἀναιρήσετε
381 2360 407 2445 ;''
419 2363 606 2433 τὰτοιαῦτα
617 2365 774 2445 πολλάκις
783 2365 847 2435 οἶδ’
859 2365 910 2435 ότι
921 2371 1110 2454 φθέγξεται,
1118 2386 1157 2440 524

164 2462 366 2548 βουλόμενος
384 2459 520 2545 φθόνον
534 2459 609 2528 τινά
626 2465 696 2547 ἐμοὶ
712 2461 766 2532 διά
783 2465 910 2534 τούτων
921 2473 988 2534 τῶν
999 2467 1112 2554 λόγων

120 2569 155 2622 30
163 2560 330 2644 συνάγειν.
345 2563 418 2643 ’ἔχει
428 2554 459 2625 δ’
471 2556 532 2643 ούχ
543 2556 631 2626 οὕτω
642 2569 761 2644 ταῦτα,
772 2562 846 2631 οὐδ’
859 2564 964 2650 ἐγγύς.
974 2614 977 2621 ·
988 2563 1112 2635 ούδένα

163 2657 227 2741 γὰρ
238 2683 306 2723 των
316 2653 556 2723 ἀδικούντων
536 2671 630 2741 νμείς
640 2659 752 2729 οὐδενὶ
763 2662 1039 2748 τῶνκατηγόρων
1055 2666 1110 2732 ex-

164 2758 286 2823 δίδοτε·
308 2751 461 2837 οὐδὲγὰρ
473 2755 606 2834 έπειδάν
617 2755 761 2848 ἀδικηθῇ
772 2786 836 2844 τις,
859 2757 957 2840 οδςάν
973 2763 1111 2842 ἕκαστος

163 2850 249 2940 ἀμάς
268 2847 287 2920 ὁ
308 2852 432 2919 πάδων
449 2859 560 2941 πείση,
582 2866 730 2925 ποιεῖσθε
747 2857 809 2945 τήν
825 2865 1002 2946 τιμωρίαν,
1024 2859 1110 2929 ἀλλά

163 2948 361 3021 τούναντίον
381 2949 505 3036 νόμους
520 2958 642 3022 ἔθεσθε
659 2953 723 3043 πρδ
742 2964 809 3023 τοῖν
827 2954 1038 3044 ἀδικημάτων
1055 2955 1107 3027 ἐπ’

163 3049 298 3137 ἀδήλοις
308 3052 369 3136 μὲν
381 3063 448 3128 τοῖς
460 3048 693 3140 ἀδικήσουσιν,
717 3051 850 3140 ἀδήλοις
860 3058 896 3124 δὲ
907 3069 976 3134 τοίς
992 3053 1110 3143 ἀδικη-

163 3154 323 3234 σομένοις
355 3138 448 3216 οὗτοι
467 3151 546 3219 δδτί
512 3153 873 3239 τίποιούσινολνόμοι;
894 3151 1110 3223 πάσινῦπισ-

162 3271 318 3331 χνουνται
328 3260 395 3325 τοις
406 3250 442 3315 ἐν
452 3274 492 3336 τη
478 3249 599 3319 πόλει
610 3247 762 3337 δίκην,·’“
740 3279 783 3319 αν
794 3250 942 3340 αδικηθη
950 3279 1016 3335 τις,
1035 3259 1110 3323 ἔσε-

162 3355 243 3412 σθαι
255 3342 299 3412 δι
314 3371 427 3414 αυτων
437 3347 604 3436 λαβεῖν.
583 3374 666 3416 οταν
675 3356 791 3418 τοίνυν
800 3360 869 3419 τῶν
879 3352 1107 3439 παραβαινόν-

160 3467 228 3511 των
242 3441 318 3521 τινά
330 3445 410 3525 τούς
427 3448 552 3535 νόμους
568 3449 739 3537 κολάζητε,
761 3446 803 3516 ού
822 3464 890 3528 τοῖς
911 3453 1109 3536 κατηγόροις

664 3563 679 3615 Ι
