2318 3894
137 243 203 309 430
322 246 445 304 xxxv1.
484 243 902 307 ΔΗΜΟΣΘΕΝΟΤΣ
971 277 975 281 ·

128 404 222 492 θὅταν
238 405 298 490 μὲν
308 410 425 472 τοίνυν
434 402 497 489 τήν
506 402 675 489 διαθήκην
686 401 841 489 ἀρνῆται,
865 405 1003 485 ἐκτίνος
1012 404 1095 490 τρά-

140 495 212 571 ιπου
218 511 375 590 πρεσβεῖα
391 500 505 589 λαβών
522 501 584 587 τῆν
598 508 772 569 συνοικίαν
789 502 872 570 κατά
886 501 950 589 τῆν
968 504 1094 590 διαθή-

137 627 203 687 κην
215 608 294 688 ἔχει,
313 601 406 671 τοῦτ’
425 598 561 688 ἐρωτᾶτ’
575 598 689 667 αὐτόν.
720 598 762 668 οὐ
771 597 838 686 γάρ
849 601 955 680 ἐκεῖνό
965 599 998 686 μ’
1014 604 1093 686 ἐρεῖ,

138 698 182 778 ὥς
193 698 256 767 ὅσα
267 702 328 787 μὲν
338 705 547 768 πλεονεκτεῖν
558 696 650 766 τόνδ’
663 702 806 783 ἔγραψεν
816 694 1093 785 ὁ.πατῆρ,μιύριά

92 812 128 866 35
137 801 206 865 ἐστι
216 806 273 884 τῆς
285 799 464 884 διαθήκης,
475 795 515 864 τά
527 794 557 863 δ’
572 795 655 863 άλλα
665 794 783 880 άκυρα.
807 794 889 863 ὅταν
900 795 931 863 δ’
944 795 1012 866 ὑπὸ
1024 805 1093 865 των

77 948 91 980 .·
136 899 236 961 τοῦδε
254 893 466 979 ὑποσχέσεων
475 890 666 978 ὑπάγεσθαι
677 901 741 979 φῆ,
763 890 929 979 μέμνησθ’
940 892 994 961 ὅτι
1005 895 1092 980 μάρ-

136 1017 238 1076 τυρας
247 990 328 1078 ὑμῖν
336 992 583 1078 παρεσχήμεθα,
591 998 625 1059 οἳ
630 991 752 1077 χρόνον
760 987 870 1058 πολὺν
877 988 971 1057 τοῦδ’
983 988 1092 1078 άπηλ-

11 1124 13 1131 ·
136 1093 304 1175 λαχμένου
324 1092 489 1176 μισθωταὶ
509 1088 640 1168 τούτοις
660 1091 830 1174 ἐγίγνοντο
851 1095 910 1174 τῆς
930 1093 1092 1176 τραπέζης

137 1193 262 1257 καὶτοῦ
273 1187 540 1276 ἀσπιδοπηγείου.
574 1196 681 1256 καίτοι
690 1185 779 1271 τόθ’,
790 1185 932 1272 ὁπηνίκα
943 1191 1091 1281 ἐμίσθω-

138 1308 197 1355 σεν
215 1290 368 1375 ἐκείνοις,
391 1287 471 1376 τῷδ’
490 1290 639 1373 ἐγκαλεῖν
650 1292 847 1372 παραχρῆμα
858 1289 975 1372 ἐχρῆν,
996 1297 1090 1373 εῖπερ

137 1383 250 1510 ἀληθῆ
264 1377 309 1471 ήν
329 1383 392 1454 ὑπὲ
377 1390 413 1472 ἐρ
431 1378 480 1454 ὦν
494 1384 564 1453 τότ’
584 1383 680 1472 ἀφεῖς
699 1393 764 1452 νῦν
785 1382 891 1473 τούτῳ
915 1385 1089 1465 δικάζεται.

139 1509 184 1562 ως
192 1489 309 1550 τοινυν
317 1480 431 1603 άληθῆ
442 1487 542 1569 λέγω,
559 1510 600 1551 κα
602 1483 784 1571 ὶπρεσβεῖά
794 1508 830 1550 τε
840 1508 907 1569 την
914 1489 1090 1552 συνοικιαν

138 1587 234 1699 ἔλαβε
245 1607 328 1649 κατα
339 1581 401 1668 τήν
412 1584 579 1669 διαθήκην
596 1584 653 1650 καὶ
671 1587 755 1672 τιμδε
766 1606 826 1666 ουχ
837 1579 926 1660 ὅπως
937 1586 1089 1688 ἐμκαλςῖν

35 1674 42 1681 ’
137 1704 220 1765 ωετο
231 1683 316 1771 δεῖν,
329 1676 402 1747 ἄλλ’
415 1680 546 1766 ἐπήνει,
558 1680 639 1767 λαβέ
648 1707 710 1766 την
720 1688 912 1768 μαρτυρίαν

423 1852 730 1916 ·MAPWPJA

92 1985 126 2041 36
213 1973 285 2043 Ἵνα
295 1978 411 2044 τοίνυῑι
422 1979 528 2062 εἰδῆτε
534 2025 543 2060 ,
569 1968 596 2044 αδ
606 1974 725 2065 ἄνδρες
733 1975 918 2064 Ἀθηναῖοι,
931 1977 995 2046 ὅσα
1005 1979 1087 2065 χρή-

135 2072 211 2160 ματ’
224 2079 307 2161 ἔχων
318 2078 353 2143 ἐκ
363 2083 432 2143 τῶν
440 2075 640 2160 μισθώσεων
648 2080 702 2144 καὶ
712 2080 748 2144 ἐκ
757 2085 824 2145 τῶν
832 2085 939 2162 χρεων
949 2074 993 2156 ὡς
1002 2076 1086 2144 άπα-

136 2181 207 2261 ρτόυ
221 2176 277 2241 καὶ
295 2175 403 2241 πάντα
420 2171 638 2251 άπολωλεκοδς
654 2171 833 2260 ὀδυρεῖται,
855 2177 980 2262 βραχέα
991 2172 1086 2261 ἡμῶν

136 2271 309 2342 ἀκούσατε.
341 2264 439 2350 οὗτος
454 2269 519 2357 μὰρ
537 2274 573 2341 ἐκ
585 2271 645 2357 μὲν
656 2279 725 2340 ταῖν
734 2279 841 2358 χρεων
852 2269 938 2358 ὁμοῦ
948 2269 1084 2340 τάλαντ’
1094 2276 1137 2332 956

136 2382 261 2440 εῖκοσιν
278 2372 512 2454 εἰσπέπρακται
528 2373 564 2438 ἐκ
580 2379 649 2438 τοῖν
667 2369 868 2456 γραμμάτων
887 2361 964 2439 άνὸ
978 2369 1084 2456 πατήρ

133 2473 321 2554 κατέλιπεν,
339 2468 533 2538 καὶτούτων
544 2475 608 2554 ἔχει
619 2464 753 2553 πλέονή
762 2467 802 2536 τά
814 2465 928 2554 ἡμίση·
950 2476 1086 2536 πολλῶν

89 2581 123 2636 37
133 2568 197 2655 χὰρ
207 2565 247 2634 τά
259 2570 342 2685 μέρη
351 2566 412 2634 τὸν
423 2564 570 2652 άδελφδν
582 2564 758 2651 ἀπεστέρει.
782 2570 818 2634 ἐκ
830 2566 865 2634 δὲ
876 2576 943 2635 τῶν
953 2568 1086 2653 μισθά-

133 2683 236 2747 σεων,
259 2660 345 2731 ὀκτω
336 2663 425 2750 μὲν
442 2661 557 2732 ἐτῶν
543 2692 564 2733 α
559 2664 780 2751 ΜΦορμίων
751 2691 813 2750 ειχε
830 2663 892 2753 τῆν
909 2667 1083 2750 τράπεζαν,

50 2829 53 2836 ,
133 2759 337 2846 ὀγδοήκοντα
355 2769 439 2845 μναῖς
449 2788 509 2829 του
497 2765 675 2833 ἐνιαυτοῦ
686 2760 897 2848 ἑκάστου,
862 2790 899 2832 το
911 2762 1015 2850 ῆμισυ
1027 2772 1084 2850 τῆς

87 2933 89 2936 ,
133 2856 432 2944 υληςμισθοέσεως·
452 2861 508 2927 καὶ
518 2885 599 2927 ταυτ
604 2860 691 2928 ἐστι
701 2863 780 2928 δέκα
790 2859 934 2929 ταλαντα
945 2864 1002 2930 καὶ
1010 2887 1084 2929 τετ
1138 2858 1140 2863 ’

132 2956 319 3041 ταράκοντα
330 2969 422 3041 μναῖ·
434 2955 559 3025 δέκαδ’
570 2961 653 3026 ἐτοῖν
664 2983 743 3042 μετα
752 2983 866 3043 ταυτα,
879 2951 1083 3044 ωνέμίσθω-

133 3075 198 3123 σαν
219 3055 361 3142 ὕστερον
377 3060 504 3134 Ξένωνι
524 3059 579 3124 καὶ
598 3053 759 3145 Εὐφραίῳ
720 3059 836 3125 λκαλ
851 3056 1007 3142 Εὔφρονι
1027 3059 1084 3126 καὶ

83 3167 118 3222 38
134 3154 388 3245 Καλλιστράτῳ,
399 3155 563 3224 τάλαντον
573 3161 633 3222 τοῦ
646 3159 801 3224 ἐνιαυτοῦ
813 3157 961 3225 ἑκάστου.
984 3160 1083 3243 χωρὶς

133 3251 169 3320 δέ
185 3252 329 3335 τούτων,
352 3256 436 3322 ἐτοῖν
455 3263 534 3333 ῖσως
546 3263 650 3322 εῖκοσι
660 3263 717 3340 τῆς
727 3257 760 3336 ἐξ
772 3251 872 3340 ἀρχῆς
881 3259 1083 3340 νεμηθείσης

132 3346 263 3434 οὐσίας,
285 3342 325 3434 ής
342 3347 442 3429 αὐτὸς
459 3354 660 3439 ἐπεμελεῖτο,
684 3353 742 3431 τὰς
752 3353 956 3438 προσόδους,
978 3355 1083 3420 πλέον

131 3443 155 3536 ή
166 3455 251 3534 μνάς
260 3447 446 3531 τριάκοντα.
480 3446 539 3518 ἐάν
551 3448 582 3518 δ’
593 3450 723 3520 ἅπαντα
736 3458 899 3537 συνθῆτε,
921 3448 986 3518 ὅσα
996 3452 1082 3518 ἐνεί-
