2318 3894
57 206 97 303 .“
141 229 204 295 ιεε
271 292 278 308 ,
330 233 419 290 ει.
451 227 873 308 ΙΑιτιιιοεοιιιιονω

142 387 310 475 ἀπέφυγε,
331 383 538 473 ψευδόμενος
556 387 663 456 δὲκαὶ
686 383 885 472 παραγωγάς
905 385 1014 470 λέγων
1032 381 1098 471 ἤδη
1107 389 1149 443 101!

94 481 96 485 ’
143 513 192 567 τις
204 491 299 573 δίκην
309 486 371 555 ούκ
384 490 515 555 ἔδωκεν.
538 483 585 553 ἵν’
598 477 660 553 ούν
670 483 715 572 μὴ
727 489 949 571 ἐξαπατηθῆτε
959 479 1022 550 ὑπ’
1035 479 1100 550 αύ-

144 592 221 672 τοῦ,
243 577 372 677 βέλτιον
391 609 405 651 ε
407 581 478 651 ναί
491 609 547 668 μοι
566 587 659 652 δοκεῖ
671 585 795 670 βραχέα
811 584 867 650 καί
882 583 957 667 περὶ
972 580 1112 661 τούτου,

101 680 234 805 ῃπρδς
245 680 331 769 ὑμᾶς
348 687 460 750 εἰπεῖν.
492 678 553 748 ἐάν
568 679 634 766 γάρ
651 678 772 802 λέγη
748 707 792 760 ως
808 706 830 767 η
818 678 904 767 “μὲν
914 678 974 767 ἐμὴ
990 680 1101 766 μήτηρ

145 779 207 850 ούκ
217 783 416 865 ἐπηνέγκατο
428 790 567 865 προῖκά,
585 804 605 864 η
593 774 655 845 δέ
665 780 795 846 τούτων
804 774 1061 868 ἐπηνέγκατο,’
1043 802 1101 844 εν·

144 888 247 964 θυμεῑ
234 873 305 944 λ’σθ
320 903 374 949 οτι
385 901 575 963 περιφανως
586 876 750 956 γευδεται
782 899 916 962 πρωτον
925 873 1038 962 μὲν
998 902 1098 962 γαρο

144 971 353 1060 Πάμφιλος
337 1000 355 1041 ο
373 971 480 1061 πατὴρ
497 981 555 1061 τῆς
572 973 694 1043 τούτου
710 971 833 1061 μητρὸς
844 979 941 1042 πέντε
951 976 1099 1043 τάλαντα

144 1100 190 1163 τῳ
176 1077 324 1159 ’ίδημοσ
323 1098 348 1160 φ
360 1069 506 1160 ὀφείλων
517 1072 724 1159 ἐτελεύτησε,
742 1075 797 1140 καί
806 1070 971 1140 τοσούτου
983 1075 1098 1159 ἐδέησε

145 1171 378 1257 περιγενέσθαι
387 1187 422 1238 ’τι
432 1174 639 1253 τοῖςέκείνου
650 1173 742 1239 παισί
751 1178 810 1257 της
820 1168 934 1250 οὐσίας
946 1167 1099 1259 άπογρα-

84 1325 87 1330 .
146 1276 262 1356 φείσης
282 1269 337 1337 καί
359 1271 578 1356 δημευθείσης
618 1265 798 1358 ύστῖούδέ
817 1266 854 1336 τδ
876 1267 1012 1356 ὄφλημα
1030 1277 1099 1337 πᾶν

145 1364 231 1453 ὑπὲρ
249 1365 353 1436 αύτού
371 1369 563 1453 ἐκιέιισται,
586 1364 659 1436 ἀλλ’
680 1373 727 1436 ἐτι
744 1369 799 1435 καί
815 1373 881 1436 νῦν
892 1363 910 1434 5
921 1365 1099 1452 Πάμφιλος

146 1462 292 1551 ὀφείλων
312 1473 358 1558 τῷ
379 1470 524 1555 δημοσίῳ
546 1469 771 1555 ἐγγέγραπται.
805 1473 876 1545 πως
890 1459 955 1534 οὖν
970 1463 1045 1534 οἷόν
1062 1491 1098 1533 τε

146 1563 206 1634 τὸν
217 1562 299 1651 ἐμδν
311 1569 434 1650 πατέρα
444 1566 593 1652 χρήματα
602 1572 718 1654 λαβεῖν
732 1567 767 1632 έκ
778 1571 835 1650 τῆς
844 1570 1026 1649 Παμφίλου
1037 1559 1098 1631 ού-

147 1671 235 1748 σίας,
256 1661 279 1752 ἢ
295 1661 370 1734 οὐδ’
390 1663 470 1732 αύτό
491 1663 527 1732 τὸ
546 1661 680 1750 ὄφλημα
698 1659 797 1748 ίκανη
809 1663 939 1747 ἐγένετο
950 1668 992 1749 τῇ
1000 1661 1099 1730 πόλει

105 1767 285 1844 νςέκτῖσαις
308 1760 418 1847 ἔπειτ’,
423 1754 465 1828 '5
474 1760 593 1848 ἄνδρες
604 1761 770 1848 δικασταὶ
791 1758 988 1846 ἐνθυμεῖσθ’
1005 1757 1058 1828 ὅτι
1069 1764 1099 1828 ελ

146 1887 185 1929 τα
173 1860 335 1946 μάλιστα
344 1860 548 1981 μεριεγένετο
560 1858 600 1926 τά
612 1858 760 1976 χρήματα
770 1866 890 1944 ταῦτα,
913 1856 1024 1942 ὥσπερ
1035 1850 1098 1926 05-

145 1965 200 2028 τοί
213 1978 333 2046 φασιν,
356 1956 418 2026 ούκ
436 1955 598 2044 ανοέμος
608 1982 716 2046 πατηρ
727 1985 812 2026 αντα
800 1955 957 2045 ἐλαβεν,
979 1953 1054 2024 ἀλλ’
1065 1960 1098 2023 οί

113 2084 207 2126 του
195 2064 400 2145 Παμφίλου
410 2061 491 2137 υίεῖς
500 2052 645 2136 Βοιωτὸς
654 2054 725 2126 καίε
723 2056 856 2136 Ηδύλος
865 2060 921 2124 καί
932 2054 1095 2140 Εὐθύδη-

147 2183 224 2242 μσς,
246 2162 280 2223 οἳ
288 2153 351 2224 ούκ
363 2151 407 2222 άν
417 2155 526 2242 δήπου
536 2158 588 2224 ε’τιλ
600 2155 701 2245 μὲν
670 2183 715 2223 τω
701 2155 900 2243 ιάλλοτρια
913 2154 1096 2242 λαμβάνειν

147 2250 305 2342 ὁτιανούν
326 2258 401 2323 ἐποί
386 2261 477 2340 ίονν,
500 2251 544 2332 ως
559 2251 723 2340 naz-5559
738 2253 881 2335 ἅπαντες
898 2262 983 2336 ῖστε,
1005 2279 1045 2319 τα
1033 2249 1093 2318 δ’

20 2414 24 2423 .
49 2410 51 2415 .
103 2349 260 2424 θλαύτείν
280 2351 339 2420 τὸν
359 2351 441 2438 ἐμὸν
457 2355 581 2438 πατέρα
597 2357 762 2440 περιεῖδον
777 2349 1011 2439 κομισάμενον.
1045 2348 1095 2416 ὅτι

146 2452 206 2536 μὲν
216 2449 364 2538 τοίννγῆ
374 2477 412 2536 γε
422 2450 550 2520 τούτων
560 2450 666 2539 μήτηρ
677 2448 739 2519 ούκ
752 2452 952 2536 ἐπηνέγκατο
963 2449 1094 2543 προῖκα,

146 2546 219 2616 άλλ’
234 2574 325 2616 ουτοι
335 2574 432 2617 τουτο
444 2549 634 2636 ψευδονιαι,
642 2547 789 2628 ίκανως
771 2576 858 2636 νμας
867 2551 1095 2634 μεμαθηκέναι

145 2652 281 2733 νομίζω·
274 2643 382 2715 ·ὃ’τιδ’
392 2644 534 2735 ηέμη
490 2674 594 2735 μηιηρ
605 2650 944 2736 πηνέγκάτο,βαδιως
953 2645 1018 2731 ἐγω
1029 2649 1095 2711 δεί-

146 2750 200 2824 ξω.
233 2749 437 2830 πρῶτονμὲν
447 2745 510 2832 γάρ
523 2747 745 2831 Πολυαράτου
755 2744 908 2832 θυγάτηρ
921 2771 981 2832 ην,
993 2741 1031 2830 ὃς
1041 2742 1096 2811 καὶ

44 2920 47 2925 ,
146 2838 206 2927 ὑφ’
221 2837 317 2928 ὑμῶν
327 2845 457 2928 ἐτιμᾶτο
468 2845 523 2911 καί
533 2842 662 2929 πολλὴν
672 2841 792 2911 ούσίαν
801 2847 969 2928 ἐκέκτητο·
984 2845 1096 2907 ἔπειτα

145 2940 391 3064 μεμαρτύρηται
407 2937 485 3027 ὑμῖν
503 2939 548 3021 ὡς
563 2939 651 3010 καὶ
632 2968 652 3028 η
672 2939 798 3027 ἀδελφὴ
815 2938 1096 3027 αύτῆςτοσαύτην

146 3052 265 3125 προῖκα
283 3041 524 3126 ἐπενεγκαμένη
540 3037 738 3129 Ἐρυξιμάχῳ
754 3039 943 3141 συνύκησε,
966 3061 1012 3124 ιφ
998 3041 1096 3103 ’Χά-
1103 3037 1147 3093 101

105 3142 244 3256 ῖῦβρίου
255 3142 404 3224 κηδεστῇ.
434 3135 521 3225 πρὸς
533 3137 569 3206 δέ
580 3138 709 3217 τούτοις
720 3125 976 3224 φαίνεταίμονὴ
985 3131 1094 3252 μήτηρ

37 3279 41 3284 -
145 3234 183 3304 τὸ
202 3244 335 3323 πρῶτον
351 3239 526 3304 ἐκδοθεῖσα
543 3241 779 3322 Κλεομέδοντι,
801 3228 844 3303 05
861 3254 942 3321 φασι
958 3231 1096 3301 τὸνπν-

145 3334 222 3418 τέρα
233 3335 370 3402 Κλέωνα
388 3341 457 3403 τοῖν
468 3331 635 3421 ὑμετέρων
647 3333 824 3421 προγόνων
835 3337 1094 3417 στρατηγοῦντα,

20 3448 49 3490 ·,
88 3522 92 3526 Ι
144 3436 414 3520 Λακεδαιμονίων
443 3434 587 3513 πολλούς
607 3436 644 3502 έν
666 3433 770 3522 Πύλφ
793 3437 915 3530 ζῶντας
935 3428 1094 3516 λαβόντα,
