2318 3894
334 245 473 346 xm
503 249 746 311 ΜνιΔιου.
971 246 1012 311 σο

61 429 146 497 ρησα
165 411 270 494 ἔγωγε
286 422 482 494 κατηγορεῖν
499 407 603 475 αὐτοῦ
620 417 702 493 νύν,
724 415 755 478 εἰ
769 409 813 497 μή
826 412 880 478 καλ
891 409 964 477 τότε
975 411 1022 480 ἐνΙ

59 515 108 597 τῷ
123 505 219 595 δήμῳ
237 515 435 592 παραχρῆμα
452 505 611 591 ἐξήλεγξα.
645 509 707 592 τήν
725 506 790 593 γάρ
812 512 936 594 ἐσθῆτα
952 506 1013 592 τῆν

61 603 158 688 ίεράν
178 601 290 686 (ἱεράν
309 602 373 688 γάρ
395 610 497 688 ἔγωγε
518 610 639 688 νομίζω
667 609 778 671 πάσαν
806 606 890 692 ὅσην
908 604 951 674 άν
966 631 1014 682 τις

60 705 160 770 ἕνεκα
171 709 230 787 τῆς
242 702 358 787 ἑορτῆς
367 705 666 788 παρασκευάζηται,
677 706 738 783 ἕως
749 702 792 773 άν
802 710 949 792 χρησθῆ)
961 705 1015 770 καὶ

60 797 141 877 τούς
164 798 353 883 στεφάνους
373 799 452 877 τούς
470 809 630 885 χρυσοῦς,
653 799 711 880 ούς
728 803 931 890 ἐποιησάμην
948 797 1075 886 ἐγάςςο

59 899 246 986 αόσμοντῷ
257 905 360 986 χορῷ,
379 899 634 984 ἐπεβούλευσεν,
657 893 685 966 ὦ
695 900 814 987 ἄνδρες
831 899 1012 986 Ἀθηναῖοι,

61 1002 261 1082 διαφθεῖραί
274 1023 331 1097 ροι
348 995 480 1083 νύκτωρ
497 996 609 1064 ἐλθών
624 999 676 1066 ἐπὶ
688 998 749 1083 τήν
760 1005 867 1068 οἰκίαν
877 996 940 1084 τῆν
950 1004 1013 1065 τοῦ

60 1094 259 1181 χρυσοχόου.
292 1097 347 1162 καὶ
364 1099 571 1179 διέφθειρεν,
594 1095 635 1164 ού
652 1099 764 1183 μέντοι
774 1096 885 1164 πάσάν
896 1122 947 1181 γε·
969 1083 1011 1163 ού

35 1203 40 1207 ’
60 1191 125 1277 γάρ
149 1191 309 1278 ἐδυνήθη.
341 1200 447 1261 καίτοι
463 1195 564 1262 τούτύ
580 1192 613 1280 γ’
628 1194 737 1273 οὐδεὶς
747 1195 878 1263 πώποτε
889 1193 1011 1261 οὐδένα

61 1292 165 1377 φησίν
185 1288 362 1376 άκηκοέναι
381 1293 590 1377 τολμήσαντα
611 1292 690 1380 ούδέ
712 1295 953 1380 ποιήσανταέν
969 1299 1010 1380 τῆ

24 1401 52 1455 17
61 1389 167 1458 πόλει.
194 1386 257 1458 ούκ
269 1387 432 1475 άπέχρησε
444 1387 474 1456 δ’
489 1387 580 1478 αύτῷ
589 1399 704 1477 τοῦτο,
727 1389 809 1459 άλλά
820 1394 874 1472 καί
885 1388 945 1457 τόν
959 1391 1011 1454 δι-

62 1489 246 1574 δάσκαλον,
259 1481 416 1571 ύάνδρες
424 1486 609 1577 Ἀθηναῖοι,
628 1492 799 1575 διέφθειρέ
807 1515 872 1574 μου
882 1495 943 1556 τού
952 1513 1011 1573 χο-

62 1597 138 1672 ροῦ·
161 1590 217 1656 καλ
237 1594 269 1657 εί
282 1585 325 1674 μή
347 1588 540 1674 Τηλεφάνης
557 1586 574 1655 ὁ
594 1586 737 1676 αύλητῆς
752 1572 886 1674 &modat
901 1589 1011 1673 βέλτι-

61 1707 137 1765 στος
148 1687 224 1769 περὶ
235 1688 291 1771 ἐμὲ
302 1686 375 1754 τότε
386 1689 530 1774 ἐγένετο,
549 1690 604 1755 καὶ
615 1688 651 1754 τὸ
663 1695 797 1773 πράγμα
808 1686 1009 1772 αἰσθόμενος

61 1786 119 1856 τὸν
129 1785 317 1869 ἄνθρωπον
334 1782 499 1863 άπελάσας
516 1783 616 1864 αύτδς
631 1799 827 1870 συγκροτεῖν
842 1786 897 1851 καὶ
915 1782 1009 1850 διδά-

63 1905 154 1952 σκειν
170 1884 252 1972 ᾤετο
271 1888 342 1950 δεῖν
356 1880 416 1951 τὸν
427 1885 543 1970 χορὸν,
565 1882 639 1951 οὐδ’
652 1879 695 1951 άν
705 1882 958 1971 ἠγωνισάμεθα,
982 1873 1010 1950 ά

63 1981 182 2066 ἄνδρες
190 1981 378 2068 Ἀθηναῖοι,
390 1980 465 2050 ἀλλ’
476 1981 650 2060 άδίδακτος
661 1977 704 2049 άν
716 1989 870 2067 εἰσῆλθεν
881 1978 899 2049 ὁ
911 1978 1008 2066 χορὸς

62 2083 114 2148 καλ
124 2077 297 2175 πράγματ’
309 2080 447 2165 αἴσχιστ’
459 2079 503 2147 άν
513 2082 690 2167 ἐπάθομεν.
713 2082 768 2148 καὶ
779 2078 853 2147 τύδ’
867 2076 1007 2148 ἐνταῦθ’

63 2184 134 2265 ἔστη
156 2187 216 2264 τῆς
235 2175 379 2265 ύβρεως,
402 2177 485 2247 άλλά
503 2189 663 2246 τοσούτου
682 2177 771 2266 αύτῷ
790 2186 906 2264 περιῆν
925 2175 1008 2244 ὥστε

62 2276 117 2346 τδν
127 2281 403 2363 ἐστεφανωμένον
414 2276 556 2361 ἄρχοντα
568 2279 747 2361 διέφθειρε,
758 2275 836 2352 τούς
846 2270 1008 2358 χορηγούς

62 2385 207 2464 συνῆγεν
219 2374 270 2443 ἐπ’
284 2378 354 2463 ἐμὲ,
366 2383 474 2461 βοάν,
493 2373 654 2458 άπειλων,
672 2370 835 2458 ὀμνύουσι
846 2390 1010 2455 παρεστηψ

63 2477 124 2554 αύς
133 2489 207 2554 τοῖς
216 2489 357 2559 κριταῖς,
373 2472 413 2541 τά
424 2472 634 2559 παρασκήνια
645 2470 817 2557 φράττων,
835 2475 1011 2553 προσηλῶν

63 2574 192 2660 ἰδιότης
205 2569 305 2643 τδντά
317 2571 474 2658 δημόσια,
495 2570 580 2639 κακά
597 2574 650 2638 καὶ
669 2568 842 2655 πράγματα
853 2564 1010 2652 άμύθητά

33 2679 115 2756 Ιῖμοι
135 2673 292 2755 παρέχων
313 2672 501 2736 διετέλεσεν.
535 2670 589 2736 καλ
609 2668 753 2752 τούτων,
777 2663 841 2734 ὅσα
857 2692 894 2750 γε
911 2669 947 2733 ἐν
964 2672 1011 2754 τῷ

63 2771 153 2857 δήμω
163 2775 303 2855 γέγονεν
314 2764 337 2854 ῆ
347 2766 430 2852 πρδς
440 2782 506 2847 τοῖς
516 2782 641 2854 κριταῖς
652 2770 688 2834 ἐν
699 2773 747 2856 τῷ
756 2765 905 2853 θεάτρῳ,
917 2761 1009 2850 ὑμεῖς
1092 2789 1095 2794 ·

63 2867 129 2938 ἐστέ
137 2895 195 2956 μοι
207 2868 371 2954 μάρτυρες
382 2865 518 2951 πάντες,
540 2861 568 2933 ὦ
580 2864 699 2950 άνδρες
711 2869 868 2932 δικασταί.
901 2867 1007 2931 καίτοι

63 2973 126 3035 τῶν
136 2964 249 3051 λόγων
258 2963 399 3043 τούτους
407 2962 468 3050 χρῆ
482 2964 706 3042 δικαιοτάτους
713 2962 869 3050 -ῆγεῖσθαι
891 2957 950 3039 ούς
965 2956 1008 3030 άν

66 3069 95 3132 ολ
111 3064 300 3151 καθήμενοι
323 3069 369 3152 τῷ
388 3067 514 3148 λέγοντι
532 3069 744 3148 μαρτυρῶσιν
761 3059 896 3146 άληθεῖς
915 3058 1005 3128 εἶναι.

66 3167 325 3249 προδιαφθείρας
340 3165 456 3228 τοίνυν
472 3158 550 3238 τούς
568 3158 680 3243 κριτάς
696 3167 744 3250 τῷ
755 3158 936 3244 άγιδνιτοῖν
946 3158 1008 3229 άν-

68 3263 162 3347 δρων,
174 3261 236 3329 δύο
246 3267 348 3326 ταῦτα
359 3254 496 3342 ὡσπερεὶ
505 3259 668 3344 κεφάλαια
680 3255 728 3343 ἐφ’
741 3257 842 3330 άπασι
851 3273 919 3338 τοῖς
930 3260 1008 3329 ἑαυ-

68 3365 109 3443 τῷ
130 3359 411 3446 νενεανιευμένοις
431 3360 610 3447 ἐπέθηκεν,
641 3359 724 3443 ἐμοῦ
751 3357 811 3446 μέν
832 3353 948 3443 ὕβρισε
968 3355 1005 3425 τδ
