2318 3894
347 262 491 325 ΠΡΟΣ
506 261 808 325 ’ΦΟΡΜΙΩΝΑΙ
900 210 909 234 e
995 263 1057 328 ³05

106 424 301 512 λεγχόμενος
314 421 356 492 τά
373 426 480 509 ψευδῆ
498 431 677 510 μαρτυρῶν
687 424 897 512 καίπονηρδς
908 420 958 492 ἀν’
970 421 1058 511 ὠμο-

106 522 196 608 λόγει
212 517 273 608 μὲν
292 525 455 607 εἰρηκέναι
471 529 575 588 ταῦτα
592 519 676 606 πρός
686 531 824 608 τοῦτον,
846 521 888 590 οά
899 527 1057 609 μέντοιγε

106 619 197 700 ἐντός
215 615 262 686 όν
281 625 384 686 εἰπεῖν
394 617 510 688 αὑτοῦ.
542 626 603 688 καί
609 646 665 706 μοι
675 618 986 707 ἀνάγνωθιταότηυ
995 617 1060 707 τὴν

105 726 300 807 μαρτυρίαν.

205 809 230 833 “·
316 822 319 826 ’
463 826 703 889 ΜΑΡονΡιΑ.

61 931 94 983 λλ
184 917 344 997 Ἀκούσας
362 924 477 986 τοίνυν
496 915 608 1003 ἡμῶν,
639 911 666 984 ό
687 917 807 1002 ἀνδρες
826 917 1011 1004 Ἀθηναῖοι,
1038 913 1057 982 δ

105 1016 267 1095 Θεόδοτος
289 1018 462 1101 πολλάκις,
484 1018 540 1084 καὶ
560 1021 698 1100 νομίσας
717 1015 778 1083 τὸν
793 1015 929 1101 Λάμπιν
949 1010 1057 1098 ψευδῆ

105 1129 298 1202 μαρτυρεῖν,
322 1112 385 1183 οόκ
401 1113 534 1199 ἀπέγνω
550 1121 609 1199 τῆς
620 1116 728 1199 δίκης,
751 1110 825 1181 ἀλλ’
837 1117 961 1199 ἐφῆκεν
969 1109 1057 1198 ἡμᾶς

10 1272 15 1285 ,
105 1218 152 1290 είς
172 1209 208 1306 τό
230 1211 457 1298 δικαστήριον·
482 1204 692 1296 καταγνῶναι
715 1208 855 1297 μὲνγὰρ
873 1208 936 1279 οόκ
957 1207 1057 1296 ἐβου-

105 1311 192 1394 λήθη
212 1307 265 1376 διά
283 1306 319 1377 τδ
339 1313 464 1387 οίκέίως
479 1314 565 1395 ἔχειν
576 1316 746 1396 Φορμίωνι
762 1310 886 1399 τούτῳ,
910 1306 1056 1396 άςὴμείς

102 1405 248 1493 Ιὕστερον
256 1406 466 1493 ἐπυθόμεθα,
481 1405 674 1493 ἀπογνῶναι
685 1411 720 1476 δὲ
731 1417 787 1495 τῆς
796 1413 888 1494 δίκης
898 1405 1053 1496 άκνει,ἵν’

59 1523 94 1576 22
105 1502 203 1583 αάτδς
209 1501 254 1592 μὴ
263 1505 498 1593 ἐπιορκήσειεν.
520 1511 553 1587 ἐξ
563 1504 668 1574 αὐτοῦ
678 1506 717 1594 δὴ
727 1513 788 1576 τοῦ
798 1508 988 1594 πράγματος
998 1516 1057 1576 λο-

13 1596 15 1601 ’
103 1610 257 1688 γίσασδε,
270 1596 298 1669 ό
309 1602 429 1689 ἀνδρες
439 1607 603 1691 δικασταὶ,
621 1603 702 1689 παρ’
714 1604 795 1690 ὑμίν
806 1603 917 1695 αὐτοῖς
927 1602 1057 1673 ὁπόθεν

102 1706 239 1787 ἔμελλεν
254 1692 351 1780 οὗτος
362 1701 596 1772 ἀποδόσειντό
607 1696 754 1789 χρυσίον.
777 1706 914 1778 ἐνδένδε
923 1703 985 1789 μὲν
992 1703 1056 1789 γάρ

102 1804 225 1880 ἐξέπλει
242 1799 304 1886 οὐκ
322 1804 500 1887 ἐνθέμενος
517 1808 563 1881 είς
577 1800 643 1888 τὴν
664 1809 751 1870 ναῦν
770 1801 980 1895 τάχρήματα
1001 1804 1056 1870 καλ
1065 1817 1119 1874 914

102 1896 282 1985 ὑποθήκην
292 1895 464 1984 οάκέχων,
482 1897 555 1984 ἀλλ’
570 1903 623 1968 ίπλ
632 1915 700 1979 τοῖς
710 1904 798 1986 ἑμοίς
808 1902 973 1988 χρήμασιν
982 1904 1055 1970 ἐπι-

103 1997 353 2081 δανεισάμενος·
375 2000 414 2063 ἐν
422 1997 584 2086 Βοσπόρῳ
602 1994 637 2063 δ’
649 1995 816 2083 ἀπρασίαν
826 2006 894 2065 τῶν
906 2006 1054 2086 φορτίων

101 2099 275 2182 κατέλαβε,
297 2095 352 2162 καλ
375 2091 454 2173 τούς
473 2093 514 2162 τά
531 2090 708 2178 ἑτερόπλοα
729 2099 945 2181 δανείσαντας
959 2096 1054 2180 μόλις

59 2192 297 2281 λὸἀπηλλαξεν.
329 2194 386 2260 καὶ
407 2185 505 2271 οὗτος
525 2195 586 2279 μὲν
601 2193 770 2262 ἐδάνεισεν
787 2192 877 2283 αὐτῷ
895 2198 1053 2281 δισχιλίας

103 2289 247 2377 δραχμάς
268 2289 562 2378 ἀμφοτερόπλουν,
595 2289 675 2360 ὥστ’
696 2290 877 2380 ἀπολαβεῖν
889 2286 1054 2378 ῩἈθήνησι

103 2393 261 2475 δισχιλίας
277 2390 444 2469 ἑξακοσίας
455 2388 616 2476 δραχμάς·
640 2372 796 2477 ὦορμίων
808 2394 847 2460 δέ
855 2411 959 2478 φησιν
969 2387 1051 2458 ἀπο-

101 2491 221 2557 δοῦναι
231 2485 377 2573 Λάμπιδι
393 2489 431 2556 ἐν
440 2488 603 2580 Βοσπόρω
612 2488 741 2558 ’ἑκατόν
750 2492 806 2559 καλ
818 2499 923 2559 εἴκοσι
934 2496 1054 2575 στατῆ-

101 2612 161 2671 ρας
171 2583 377 2673 Κυζικηνούς
394 2587 514 2679 (τοότςο
531 2589 596 2674 γάρ
612 2592 784 2675 προσέχετε
800 2587 862 2658 τόν
876 2595 974 2672 νοῦν)
993 2592 1054 2656 δα-

66 2678 79 2703 '
99 2685 292 2770 νεισάμευος
309 2689 445 2771 ἐγγείων
454 2687 571 2755 τόκων.
604 2680 691 2774 ἦσαν
701 2688 737 2758 δὲ
748 2693 880 2775 ἔφεκτοι
890 2691 925 2756 σί
933 2692 1053 2772 ἔγγεωι

99 2785 206 2870 τόκοι,
230 2783 248 2853 ὁ
271 2785 307 2853 δὲ
323 2784 508 2874 Κυζικηνὸς
528 2787 668 2856 ἕδόνατο
688 2792 759 2869 ἐκεί
771 2797 875 2858 είκοσι
892 2788 947 2855 καλ
964 2782 1052 2854 όκτιδ

55 2898 92 2950 24
100 2881 245 2969 δραχμὰς
253 2882 405 2964 Ἀττικάς.
438 2890 490 2954 δεί
502 2885 546 2971 δὴ
562 2897 686 2972 μαδείν
702 2874 788 2974 ὑμᾶς
804 2885 867 2955 ὅσα
879 2887 959 2971 φησί
969 2882 1052 2968 χρή·

98 2978 173 3067 ματ’
197 2978 452 3050 ἀποδεδωκέναι.
483 2991 553 3051 τῶν
572 2982 634 3069 μὲν
654 2982 719 3070 γάρ
743 2982 859 3052 ἑκατόν
875 2983 931 3049 καὶ
948 2990 1052 3048 είκοσι

98 3077 270 3164 στατήρων
280 3087 449 3165 γίγνονται
459 3086 632 3165 τρισχίλιαι
641 3081 827 3167 τριακόσιαι
838 3080 1012 3166 ἑξήκοντα,
1030 3073 1048 3145 ὁ

98 3179 135 3244 δὲ
150 3177 247 3256 τόκος
262 3174 280 3245 ὁ
298 3182 422 3264 ἔγγειος
439 3175 457 3245 ὁ
475 3183 612 3264 ἔφεκτος
622 3185 691 3247 τολν
701 3178 877 3268 τριάκοντα
888 3179 1047 3263 μνεδυκαλ

43 3341 46 3347 .
97 3277 264 3358 τριελνιιαλ
278 3276 451 3362 ἑξήκοντα,
471 3276 686 3344 πεντακόσιαι
697 3276 837 3363 δραχμαί
847 3276 902 3344 καλ
914 3275 1047 3363 ἑξήκον-

96 3398 151 3440 τα·
171 3371 208 3441 τό
221 3357 403 3459 δὲ’σόμπαν
412 3375 595 3461 κεφάλαιον
607 3381 753 3462 γίγνεται
763 3374 865 3445 τόσον
873 3377 928 3444 καὶ
938 3375 1049 3442 τόσον.

53 3489 88 3567 ²5.
98 3473 188 3540 ἔστιν
197 3464 275 3559 οὖν,
288 3465 445 3557 άάνδρες
454 3476 620 3560 δικασταί,
630 3466 728 3553 οὗτος
738 3471 757 3542 δ
768 3473 950 3557 ἄνθρωπος
960 3467 983 3560 ἢ
994 3496 1050 3557 γε·
