2318 3894
284 192 287 200 ’
330 220 471 283 πΡοΣ
495 220 787 282 ιιιιιτιαιια.
994 221 1037 285 ιο

85 387 148 451 τοῦ
160 383 298 466 μηδαμῆ
308 382 390 466 μηδὲ
405 375 479 447 καθ’
494 380 531 446 ἓν
547 387 671 448 τοῦτον.
683 385 769 464 ἔχειν
784 389 892 460 καλῶς
906 379 966 450 τδν
977 381 1037 451 νό-
1086 384 1089 390 ’

84 505 151 565 μον
162 477 246 563 μηδὲ
258 482 441 562 συμφέρειν
452 473 546 561 ὑμῖν·
573 473 642 545 ἀλλ’
653 475 694 544 ἵν’
707 480 744 546 ἐν
761 486 929 568 κεφαλαίῳ
938 489 1035 549 τοῦτο

48 646 55 651 ,
84 575 217 662 μάθητε
229 572 321 659 κάγύ
333 573 511 659 παύσωμαι
521 578 643 661 λέγων,
667 574 744 643 τάδε
754 577 927 662 ποιήσατε·
961 582 1037 646 σκί-

84 682 200 754 ψασθε
211 669 285 755 παρ’
298 671 424 758 ἀλληλα
445 674 501 739 καὶ
521 679 702 759 λογίσασθε
718 673 801 760 πρὸς
819 673 905 761 ὑμᾶς
916 674 1038 756 αύτούς

86 778 120 840 τί
134 770 340 857 συμβήσεται
357 775 680 857 καταψηφισαμένοις
697 770 778 858 ὑμῖν
792 783 853 841 τοῦ
864 776 971 861 νόμον
981 775 1037 842 καί

66 890 68 895 “
83 876 118 939 τί
124 867 172 956 μή
180 894 188 907 ·
212 866 280 936 εἶτα
292 870 471 955 φυλάττετε
483 871 536 937 καὶ
548 872 718 955 μέμνησθε
733 867 756 937 ἀ
772 866 815 940 ἀν
825 869 904 959 ὑμῖν
915 876 948 954 ἐξ
959 876 1036 942 ἕκα-
1087 909 1095 924 ·

39 969 185 1052 ισλτίρου
197 975 299 1054 φανῇ,
311 963 351 1034 ἵν’
361 969 483 1053 ἕλησθε
494 971 534 1035 τά
546 975 690 1053 κρείττω.
723 967 767 1038 ἀν
779 971 839 1056 μὲν
849 978 964 1039 τοίνυν
974 1000 1036 1040 κα·

83 1071 337 1152 ταύηφίσησθε,
361 1064 471 1151 ὥσπερ
488 1063 579 1151 ἡμεῖς
596 1067 792 1153 κελεύομεν,
816 1074 849 1136 οί
868 1069 929 1155 μὲν
951 1069 1036 1150 ἀξιοι

84 1161 159 1249 παρ’
172 1162 271 1252 ύμοῖν
281 1161 321 1232 τά
333 1169 442 1233 δίκαια
452 1167 601 1250 ἕξουσιν,
614 1172 644 1233 εί
653 1167 693 1232 δέ
700 1192 749 1244 τις
760 1164 826 1233 ἔστ’
836 1167 977 1252 ἀνάξιος,
991 1167 1036 1246 ως

80 1269 186 1348 οἔστω,
209 1261 294 1347 πρός
309 1271 356 1352 τῷ
372 1260 434 1348 τὴν
452 1260 581 1344 δωρεάν
599 1261 824 1349 ἀφαιρεθῆναι
835 1267 931 1348 δίκην
941 1262 984 1349 ἣν
992 1261 1036 1334 ἀν

84 1360 167 1448 ύμῖν
177 1365 262 1449 δοκῇ
278 1359 469 1430 δύσεικατά
487 1359 547 1429 τδν
560 1365 898 1447 παρεισενηνεγμένον
914 1362 1033 1449 νόμον·

61 1487 68 1494 ·
83 1459 105 1546 ἡ
117 1461 155 1530 δὲ
164 1460 262 1539 πόλις
269 1457 378 1547 πιστη,
387 1464 507 1542 δικαία,
513 1453 597 1542 ’πρὸς
607 1459 755 1537 ἀπαντας
766 1458 912 1546 ἀψευδὴς
926 1460 1035 1546 φανη-
1132 1476 1135 1482 ’

39 1585 41 1593 ·
87 1582 187 1626 σεται.
221 1556 281 1626 ίάν
298 1552 328 1626 δ’
344 1556 621 1644 ἀποψηφίσησθε,
643 1553 722 1644 δμὴ
735 1558 909 1644 ποιήσητε,
931 1558 1035 1644 οίμδν

85 1657 222 1742 χρηστοὶ
235 1654 289 1723 διά
311 1655 390 1734 τούς
401 1655 551 1741 φαύλους
570 1653 800 1742 ἀδικήσονται,
821 1661 855 1724 οί
864 1654 895 1726 δ’
906 1655 1034 1737 ἀνάξιοι

85 1761 264 1841 συμφορεῖς
273 1755 394 1839 ἑτέροις
404 1762 503 1821 αίτιοι
514 1754 719 1842 γενήσονται,
732 1758 827 1841 δίκην
838 1753 871 1822 δ’
883 1752 959 1822 οὐδ’
970 1753 1033 1841 ἡν-

85 1860 204 1920 τινοῦν
216 1849 311 1920 αύτοὶ
322 1852 505 1936 δώσουσιν,
524 1849 544 1938 η
557 1853 593 1920 δὲ
604 1853 700 1932 πόλις
709 1849 867 1921 τάναντία
879 1845 929 1921 ύν
940 1851 1033 1922 εἶπον

86 1950 224 2040 ἀρτίως,
247 1949 335 2028 δόξει
345 1948 497 2036 ἀπιστος,
520 1949 690 2036 φθονερά,
710 1951 822 2037 φαύλη
832 1949 920 2035 παρά
932 1960 1035 2019 πᾶσιν

39 2049 181 2120 [σσεῖναι.
214 2048 344 2117 ούιιουν
354 2047 464 2133 ἀξιον,
488 2041 516 2116 ἀ
533 2048 653 2132 ἀνδρες
660 2046 846 2134 Ἀθηναῖοι,
865 2050 1034 2137 τοσαύτην

84 2152 300 2235 βλασφημίαν
317 2145 392 2215 ἀντὶ
407 2154 520 2215 καλῶν
530 2147 586 2214 καί
604 2145 841 2233 προσηκόντων
858 2142 939 2231 ύμῖν
950 2145 1035 2234 ἀγα-

84 2255 160 2315 θεῖν
172 2249 317 2316 ἑλέσθαι.
349 2247 405 2314 καὶ
421 2245 637 2332 γάρέκαστος·
651 2242 1034 2329 ύμῶνίδίᾳμεθεξειτιῖς
1068 2330 1072 2337 ⁴
1145 2301 1148 2312 ,

84 2344 183 2431 δόξης
200 2351 270 2413 τοῖν
285 2351 383 2432 κοινῇ
400 2346 633 2428 γνωσθέντων.
673 2338 714 2407 ού
730 2341 795 2425 γάρ
811 2337 926 2424 ἀγνοεῖ
939 2337 1031 2407 τοῦτ’

85 2440 195 2521 οὐδεὶς
214 2438 292 2510 ούτε
307 2449 375 2509 τοῖν
385 2439 647 2527 περιεστηκότων
663 2437 740 2507 ούτε
753 2444 822 2506 τῶν
833 2436 960 2524 ἀλλων,
983 2436 1035 2507 ὅτι

84 2543 255 2630 ἐνμὲντηῖ
264 2544 462 2630 δικαστηρίω
471 2545 632 2625 Λεπτίνης
643 2534 726 2624 πρός
735 2534 821 2623 ἡμᾶς
831 2534 1031 2624 ἀγωνίζεται,
1127 2618 1130 2623 .

84 2643 122 2708 ἐν
143 2639 180 2708 δὲ
196 2646 238 2728 τῇ
253 2645 323 2705 τῶν
337 2642 538 2724 καθημένων
558 2634 655 2723 ὑμῶν
671 2633 746 2713 ἑνός
762 2636 904 2704 ἕκάστου
914 2636 1032 2724 γνοόμη

85 2743 326 2823 φιλανθρωπία
346 2735 428 2822 πρὸς
449 2735 585 2823 φθόνον
600 2737 655 2804 καὶ
672 2732 864 2819 δικαιοσύνη
877 2733 959 2817 πρὸς
970 2761 1032 2803 κα-

85 2842 162 2904 κίαν
180 2837 237 2905 καί
258 2835 367 2903 πάντα
388 2833 428 2903 τά
440 2832 563 2923 χρηστά
576 2834 659 2918 πρὸς
670 2830 710 2901 τά
721 2832 929 2920 πονηρότατα
939 2829 1032 2911 ἀντι-

39 2933 244 3009 Ιοθτάττεται.
268 2925 395 3013 ύντοῑς
405 2941 548 3021 βελτίοσι
563 2932 775 3018 πειθόμενοι,
792 2935 847 3000 καὶ
857 2929 940 3007 κατά
951 2929 1033 3005 ταύ-

84 3028 123 3098 τά
134 3027 214 3118 ἡμίν
224 3030 434 3118 θέμενοιτην
444 3040 576 3122 ψῆφον,
599 3027 697 3099 αύτοί
710 3055 744 3097 τε
760 3026 782 3097 ἀ
799 3028 957 3116 προσήκει
973 3029 1032 3098 δό·
1041 3047 1094 3105 508

85 3127 148 3208 ξετ’
161 3132 360 3216 ἐγνωκέναι,
382 3133 437 3198 καὶ
451 3138 491 3219 τῇ
509 3132 603 3199 πόλει
617 3126 657 3197 τά
669 3126 816 3214 κράτιστ’
831 3127 937 3197 ἔσεσθ’
950 3131 1032 3216 ἐφη-

87 3230 258 3313 φισμίνοι,
282 3225 347 3295 κάν
365 3254 415 3306 τις
435 3227 484 3314 ἀρ’
503 3234 587 3317 ἔλθη
609 3229 686 3295 ποτε
706 3224 837 3314 καιρός,
861 3224 923 3294 ούκ
946 3224 1032 3293 ἀπο-

87 3324 200 3410 ρήσετε
230 3331 299 3393 τῶν
326 3327 555 3413 ἐθελησόντων
580 3323 663 3412 ὑπὲρ
690 3322 786 3410 ὑμῶν
810 3322 1028 3392 κινδυνεύειν.

86 3419 167 3568 ὑπὲρ
179 3415 243 3492 οὖν
252 3421 382 3493 τούτων
393 3423 549 3493 ἀπάντων
559 3423 648 3512 οἶμαι
659 3427 729 3493 δεῖν
739 3418 824 3508 ὑμεῖς
834 3419 1031 3571 σιμοδάζειν

151 3520 260 3583 εωοεῑλι,
285 3519 345 3576 vol.
356 3519 388 3576 11.
