2318 3894
135 249 201 314 222
348 248 446 306 mv.
466 240 881 305 ΔΗΜΟΣΘΕΝΟΤΣ
915 272 920 280 ’

136 406 419 495 μένωννάμωντῇ
429 403 523 472 πόλει
534 395 776 488 ούδενὸςῆιτον
784 398 929 488 ἡγοῦμαι
938 401 1082 469 καὶτοῦ-

135 533 196 576 τον
205 504 303 587 άξίως
315 509 453 571 ἐπαίνου
469 502 668 587 γεγράφθαι.
704 505 875 579 σκέψασθε
893 497 957 585 γάρ
975 497 1020 578 άς
1031 505 1082 568 διε

136 607 237 681 καίως
249 605 304 670 καὶ
315 601 447 686 σφόδρα
454 596 542 680 ὑπὲρ
553 606 615 666 τοῦ
632 597 740 683 δήμου
749 611 861 666 κεῖται.
892 596 955 673 οὐκ
967 600 1005 686 ἐᾷ
1015 615 1083 680 τοῖς

75 703 81 714 “
103 711 105 715 ’
136 702 323 789 ὑπάρχουσι
343 700 457 784 νόμοις
474 701 625 765 ἐναντίον
645 699 826 820 εἰσφέρειν,
852 692 912 763 ἐάν
931 695 974 781 μὴ
996 697 1082 785 λύση

136 800 198 870 τὸν
209 799 370 916 πρότερον
389 803 550 882 κείμενον.
582 802 671 874 τίνος
687 797 800 875 ένεκα;
822 820 955 880 πρωτον
970 794 1081 880 μὲν
1042 823 1074 862 ιν
1091 810 1096 818 “

95 897 218 983 θῦύμῖν
229 901 284 981 ἐξη
295 923 334 962 τα
322 892 457 962 δίκαια
469 878 754 979 φηφιξεσθαιῼεά
767 890 944 979 εὐσεβείας.
978 892 1056 963 εί
1017 920 1081 979 γαρ

139 1005 254 1081 είησαν
272 993 333 1062 δύο
353 992 438 1071 τινες
455 996 598 1059 ἐναντίοι
616 989 728 1116 νόμοι,
749 998 807 1058 καί
819 1005 905 1068 τινες
921 988 1080 1058 άντίδικοι

139 1092 213 1181 παρ’
227 1090 309 1178 ύμῖν
319 1084 572 1193 άγωνιξοιντο”
549 1116 570 1174 η
588 1114 663 1174 περι
652 1091 846 1174 δημοσίων
861 1114 881 1172 η
870 1082 969 1174 ”περί
986 1091 1079 1156 ίδίων

139 1190 383 1310 πραγμάτφν,α
362 1186 449 1268 ξιοῑ
456 1185 518 1253 δ
501 1211 653 1282 εκατερος
664 1211 763 1253 νικαν
773 1183 816 1271 μη
829 1184 888 1252 τὸν
899 1211 1002 1253 αυτου
1013 1191 1079 1253 δει

138 1288 253 1357 κνύων
265 1312 379 1372 νομον,
388 1313 448 1353 ουτ
452 1265 696 1371 ’άμφοτέροις”
679 1311 729 1352 ενι
737 1284 845 1372 δηπου
855 1292 1080 1370 ψηφίσασθαι

138 1411 208 1465 πως
218 1412 298 1473 γαρ,
319 1385 538 1504 ούτεθατέρφ
550 1381 968 1470 ψηφιζομένουςεύορκεῑν·
986 1381 1080 1471 ιπαρά

137 1486 201 1571 γάρ
222 1483 282 1553 τόν
302 1480 507 1565 ἐναντίον,”
486 1505 570 1601 οντα
589 1479 622 1548 δ’
640 1479 761 1567 ὁμοίως
781 1483 910 1571 κύριον,
926 1480 947 1569 ἡ
961 1491 1083 1567 γνῶσις

93 1590 322 1670 ,γεσυμβαίνει
353 1579 453 1648 τοῦτό
476 1577 506 1646 τ’
527 1571 592 1646 οὖν
613 1575 739 1662 ὑπὲρ
719 1588 816 1666 υμῶν
835 1581 1082 1673 φυλαττόμενος

138 1688 243 1749 ταῦτα
254 1692 392 1763 προεῖπε
414 1677 470 1743 καί
488 1682 536 1743 ἔτι
547 1700 630 1761 προς
640 1703 746 1768 τουτω
757 1680 962 1766 βουλομενος
972 1680 1082 1767 φυλα

120 1776 125 1784 ’
137 1805 198 1856 κας
209 1774 294 1862 ύμάς
304 1783 371 1842 τῶν
380 1774 496 1860 νόμων
506 1783 721 1862 καταστῆσαι·
731 1808 734 1814 ’
743 1777 866 1866 ᾔδει
826 1806 890 1865 γαρ
902 1777 1052 1866 ἐκείνο,”
1031 1807 1082 1848 οτι

138 1874 196 1953 τὰς
206 1873 306 1950 άλλας
323 1869 362 1951 άς
377 1873 543 1958 γέγραφεν
561 1871 672 1941 αύτοᾶν
683 1876 834 1961 φυλακάς
851 1882 918 1944 ἔστι
935 1885 1080 1963 πολλαχῆ

139 1971 410 2055 διακρούσασθαι.
442 1969 520 2048 τούς
537 1972 759 2059 συνηγόρους,
782 1971 841 2052 οὓς
857 1989 1079 2061 χειροτονεῖτε,

139 2066 268 2139 δύναιτ’
282 2065 324 2136 άν
335 2077 445 2135 πεῖσαί
458 2094 507 2146 τις
518 2079 655 2137 σιωπᾶν.
690 2075 857 2139 ἐκτιθέναι
878 2073 1005 2140 κελεύει
1020 2079 1081 2138 τοῦ
1119 2113 1120 2116 =

138 2171 324 2256 προειδέναι
335 2169 474 2247 πάντας·
497 2165 564 2253 τάχ’
576 2163 629 2254 άν,
641 2176 673 2238 εί
681 2170 788 2255 τύχοι,
806 2172 886 2249 τούς
901 2171 961 2256 μέν
972 2167 1082 2237 άυιειέ

137 2268 261 2346 πάντας
271 2262 323 2353 άν,
336 2271 367 2333 εί
375 2272 623 2354 προαίσθοιντο,
634 2268 749 2354 λάθοι,
762 2273 796 2336 οί
806 2268 837 2336 δ’
851 2267 950 2336 οὐδὲν
961 2270 1082 2352 προσέ-

21 2408 25 2413 -
88 2361 122 2439 37'
136 2364 249 2453 Ιγαντες
258 2359 498 2450 άναγνοίενάν.
521 2363 603 2434 άλλά
615 2366 809 2451 γράψασθαι
819 2365 860 2453 νὴ
871 2362 929 2433 Δί’
941 2367 1082 2433 ἕκαστον

137 2469 236 2550 Ιἐστιν,
248 2461 267 2531 ὃ
277 2461 367 2546 κάγά
379 2464 455 2530 νυνί
467 2471 643 2548 πεποίηκα·
669 2461 840 2550 κάνταῦθ’,
858 2460 902 2532 άυ
912 2461 1081 2549 άπαλλάξη

137 2584 186 2639 τις
197 2561 256 2647 τὸν
266 2559 460 2644 ἐπιστάντα,
482 2558 615 2645 ἡπόλις
630 2564 924 2649 παρακέκρουσται.
958 2566 1007 2638 τίς
1017 2552 1081 2626 οὖν

139 2656 225 2742 μάνη
237 2654 370 2742 φυλακὴ
378 2659 431 2724 καὶ
444 2660 616 2727 δικαίακαὶ
627 2664 759 2747 βέβαιος
768 2661 977 2746 τωννάμωνς
988 2656 1080 2745 ὑμεῖς

139 2759 174 2822 σί
177 2761 296 2821 πολλοί
301 2780 308 2793 ·
321 2753 398 2821 ούτε
407 2754 470 2840 γάρ
478 2754 516 2822 τὸ
530 2760 717 2840 γνωναικαί
731 2759 906 2843 δοκιμάσαι
916 2756 955 2845 τὸ
970 2759 1079 2844 βέλτι-

138 2871 218 2918 στον
229 2853 397 2930 ἐξελέσθαι
409 2850 535 2920 δύναιτ’
548 2849 590 2920 άν
602 2852 698 2939 ὑμῶν
708 2853 785 2924 οὐδὲ
797 2852 857 2943 εἷς,
871 2855 957 2934 Δούτε
973 2852 1081 2923 άπαλ-
1091 2878 1144 2930 712

137 2948 235 3029 λάξας
246 2951 301 3016 καί
312 2952 509 3037 διαφθείρας
519 2966 627 3019 πείσαι
644 2950 707 3020 τὸν
719 2960 816 3040 χείρω
834 2960 959 3026 θέσθαι
976 2953 1082 3038 νόμον

93 3044 210 3127 33άντὶ
231 3053 291 3114 τοῦ
312 3055 506 3133 κρείττονος.
541 3047 595 3118 διά
616 3058 720 3117 ταῦτα
741 3053 850 3120 πάντα
873 3051 921 3138 ἐφ’
941 3053 1082 3136 ἑκάστην

79 3193 84 3203 ,
138 3141 269 3231 ἀπαντᾷ
285 3146 348 3232 την
365 3145 446 3215 ὁδὸν
462 3146 774 3234 τοῖνάδικημάτων,
796 3150 938 3218 κωλύων
953 3152 1009 3228 καὶ
1019 3147 1081 3216 ούκ

121 3285 124 3292 ·
138 3243 204 3308 ἐάν
214 3246 359 3325 βαδίζειν
366 3244 445 3323 τούς
456 3246 730 3331 ἐπιβουλεύοντας
741 3247 830 3335 ύμῖν.
859 3256 963 3316 ταῦτα
975 3246 1085 3315 πάντα

142 3338 356 3423 Τιμοκράτης,
372 3339 460 3406 οὕτω
475 3351 582 3422 καλῶς
592 3347 647 3412 καί
660 3350 793 3424 δικαίως
803 3351 946 3432 κείμενα,
958 3343 1083 3430 ἠφάνι-

124 3456 208 3529 σεν,
221 3436 398 3522 ἐξήλειψεν,
406 3435 488 3507 ὅσον
497 3434 541 3527 ἦν
551 3444 602 3509 ἐπὶ
612 3443 734 3530 δούτφ,
746 3447 801 3512 καί
815 3443 922 3527 νόμον
935 3441 1085 3525 είσήνεγ-
