2318 3894
146 237 210 303 ειο
343 233 454 300 xxvn.
480 211 891 296 ΔΗΜοΣοιιΝοοΣ

146 401 301 485 ριτπίδης
321 400 453 481 ἔλαβεν,
478 391 520 461 οὐ
541 396 799 476 προσγραφῆναί
815 409 935 476 φησιν,
957 389 1094 459 οῦδὲ
1057 417 1096 458 το
1152 439 1154 442 -

146 501 277 581 πλῆθος
294 501 354 579 τῆς
374 488 490 569 οὐσίας
505 516 542 557 το
532 488 804 574 καταλειφθὲν,
826 484 956 554 οὐδὲ
921 513 981 554 τον
1002 485 1098 556 οἶκον

146 617 237 670 οπως
247 589 510 677 μισθωσουσιν
513 585 556 654 οὐ
565 585 631 672 γάρ
643 584 734 676 αάτφ
720 588 914 708 ’συμφέρει
925 607 1096 672 προσομο-

146 698 284 776 λογησαι
295 693 407 756 ταῦτα.
431 685 511 772 λαβὲ
522 683 609 771 δη
574 711 637 772 την
646 711 770 754 τουτου
780 683 997 772 αποκρισιν.

496 859 736 920 ΜΑΡΊἿῬΙΑ.
1103 859 1145 919 827

102 1017 137 1072 4³
155 1059 161 1076 ,
233 983 341 1070 Οὗτος
354 981 398 1057 αὖ
417 986 480 1076 τήν
497 990 561 1074 μὲν
579 986 748 1074 διαθήκην
757 992 918 1074 γενέσθαι
939 987 1022 1072 φησὶ
1039 976 1102 1054 καί

145 1087 183 1158 τά
195 1087 357 1175 άργῦριον
368 1091 404 1156 ἐκ
415 1093 476 1154 τοῦ
487 1094 613 1172 χαλκοῦ
622 1088 678 1153 καὶ
694 1092 753 1171 τῆς
768 1089 903 1171 κηκῖδος
918 1081 1095 1169 ἀποδοθή-

145 1213 201 1255 ναι
209 1193 258 1276 τῷ
271 1194 405 1272 Θηριππ
406 1187 477 1271 ίδη,
500 1180 521 1249 δ’
531 1187 655 1260 ἐκεῖνος
667 1179 710 1251 οῦ
717 1204 816 1268 φησι,
838 1185 895 1249 καὶ
907 1179 949 1249 τά
961 1180 1023 1248 δύο
1035 1181 1094 1248 τά-

144 1253 248 1352 λαντά
262 1310 308 1374 τφ
296 1287 541 1368 Δημοφῶντι·
574 1281 650 1366 περὶ
668 1280 704 1348 δὲ
721 1289 790 1347 τῶν
806 1278 896 1370 αῦτῦ
920 1282 1093 1348 δοθέντων

143 1388 314 1468 γραφῆναι
325 1385 387 1465 μέν
399 1387 516 1498 φησιν,
529 1375 590 1463 οὐχ
600 1374 846 1465 ὁμολογήσαιδ’
858 1376 967 1462 αὐτὸς,
980 1381 1037 1444 ἴνα
1048 1403 1091 1462 μη

145 1482 227 1564 δοκη
238 1485 362 1565 λαβεῖν
384 1502 422 1544 το
412 1474 473 1543 δὲ
483 1483 663 1562 πληθος
622 1503 680 1562 της
691 1474 806 1554 ουσιας
816 1472 891 1543 ονδ
902 1500 1000 1553 ουτος
1011 1498 1092 1542 απο

144 1582 256 1661 φαίνει
266 1573 429 1656 καθόλου,
439 1570 567 1640 οὐδὲ
531 1598 569 1640 το
581 1582 730 1658 μισθοῦν
739 1571 801 1668 τὸν
811 1571 921 1641 οἶκον
938 1569 1067 1640 οὐδὲ
1027 1596 1093 1656 γαρ

102 1670 225 1741 ίδοάδδ
242 1670 350 1760 τούτῳ
365 1672 528 1756 συμφέρει
544 1660 956 1757 προσομολογήσαιταῦτα.
990 1674 1094 1762 δῆλον

145 1775 199 1838 τοί
196 1794 261 1835 νυν
272 1737 360 1837 ἐστίν
371 1760 503 1835 οὐδὲν
479 1791 625 1853 ηττοντο
613 1767 765 1854 πλῆθος
773 1776 842 1836 τῶν
850 1769 1094 1850 καταλειφθέν-

144 1873 223 1950 των,
235 1872 353 1954 καίπερ
365 1864 600 1954 άφανιζόντωυ
608 1865 740 1935 τούτων
749 1893 812 1954 την
822 1865 957 1952 οὐσίαν,
975 1868 1012 1932 ἐκ
1022 1891 1092 1932 των

146 1950 336 2050 διαθηκων,
359 1956 432 2044 ξ
404 1991 454 2032 ων
464 1972 610 2034 τοσαῦτα
620 1967 769 2054 χρήματα
783 1965 935 2053 άλλήλοις
945 1966 1028 2050 φασὶ
1039 1967 1093 2031 δο-

145 2068 259 2148 θήναι.
281 2060 370 2142 ὅστις
389 2062 453 2147 γάρ
470 2066 505 2132 ἐκ
522 2063 688 2151 τεττάρων
704 2065 877 2132 ταλάντων
894 2065 953 2130 καὶ
968 2081 1095 2147 τρισχι-

145 2166 227 2230 λίων
237 2174 306 2239 τοῖς
316 2163 377 2246 μὲν
388 2166 463 2248 τρία
472 2153 616 2232 τάλαντα
627 2166 683 2230 καὶ
694 2168 850 2249 δισχιλίας
860 2173 978 2245 προῖκα
990 2164 1095 2228 δέδοι-

145 2273 200 2344 κε,
223 2283 269 2347 τω
288 2256 322 2325 δ
341 2259 569 2346 ἑβδομήκοντα
587 2269 672 2348 μνᾶς
691 2268 920 2348 καρποῦσθαι,
943 2255 1094 2344 φανερὸν

124 2325 256 2443 δήποά
268 2363 370 2425 κάσιν
381 2383 434 2424 οτι
443 2383 507 2427 ουκ
525 2356 589 2429 άπὸ
601 2366 721 2447 μικράς
737 2358 867 2443 οὐσίας,
890 2354 972 2424 άλλα
991 2360 1094 2430 πλέον

103 2448 169 2540 45ή
186 2458 358 2532 διπλασίας
367 2447 408 2540 ής
427 2458 498 2542 ἐμοὶ
516 2459 667 2525 κατέλιπε
684 2464 766 2525 ταῦτ
771 2454 936 2542 ’άφεῑλεν
969 2451 1011 2520 οὐ
1027 2452 1093 2536 γάρ

148 2550 306 2636 δήπου
272 2577 332 2618 τον
342 2552 457 2638 μὲνί
419 2579 441 2619 υ
455 2554 497 2621 δν
513 2557 568 2641 ἐμὲ
580 2557 704 2643 πένητα
720 2555 874 2643 ἐβούλετο
890 2561 1092 2634 καταλιπεῖν,

140 2648 287 2727 τούτους
298 2649 334 2717 δὲ
350 2651 569 2731 πλουσίους”
547 2679 648 2732 οντας
665 2658 712 2720 ἔτι
722 2653 985 2737 πλουσιωτέρους
996 2656 1095 2734 ποιή-

147 2765 202 2814 σαι
214 2747 434 2833 ἐπεθύμησεν,
446 2747 514 2816 ἄλλ’
527 2752 625 2817 ἕνεκα
635 2757 697 2832 τοῦ
706 2749 859 2836 πλήθους
870 2756 937 2816 των
947 2748 1020 2832 ἐμοὶ
1030 2772 1094 2814 κα-
1143 2809 1145 2813 ,

118 2921 121 2927 Ι
145 2848 391 2929 ταλειπομένων
412 2851 600 2935 Θηριππίδῃ
617 2872 652 2914 τε
671 2855 832 2916 τοσοῦτον
855 2845 1019 2931 άργῦριον
1038 2845 1094 2910 καὶ
1121 2854 1125 2860 ’

146 2948 352 3028 Δημοφῶντι
362 2941 402 3011 τά
414 2943 475 3013 δύο
487 2943 646 3030 τάλαντα,
665 2943 759 3012 οὕτω
775 2949 926 3033 μέλλοντι
942 2949 983 3028 τῇ
995 2938 1094 3008 άδελ-

147 3048 196 3127 φή
206 3049 247 3129 τῇ
257 3045 318 3130 ἐμή
330 3044 558 3131 συνοικήσειν,
570 3050 784 3128 καρποῦσθαι
802 3049 940 3125 ἔδωκεν,
957 3043 1014 3106 ἵνα
1031 3043 1094 3106 δυ-

147 3152 199 3204 οῖν
211 3139 358 3225 θάτερον
369 3143 598 3228 διαπράξαιτο,
621 3137 709 3226 ήδιά
720 3141 935 3227 τάδιδόμενα
944 3141 1094 3224 βελτίους
1130 3198 1135 3209 ,

147 3231 270 3312 αὐτοὺς
286 3235 370 3304 εἶναι
386 3237 427 3306 τά
444 3241 519 3327 περὶ
536 3235 597 3325 τήν
615 3237 798 3327 ἐπιτροπήν
819 3239 1050 3325 προτρέψειεν,
1071 3228 1093 3318 ή

147 3336 178 3399 εί
191 3331 287 3399 κακοί
302 3335 494 3419 γίγνοιντο,
508 3339 668 3421 μηδεμιᾶς
684 3337 882 3423 συγγνώμης
901 3331 976 3418 παρ’
994 3330 1094 3418 ὑμῶν

98 3507 107 3526 x
146 3427 357 3518 τυγχάνοιεν,
383 3437 412 3500 εί
425 3432 594 3501 τοσούτων
606 3432 802 3525 ἀξιωθέντες
811 3429 937 3499 τοιαῦτ’
951 3435 997 3509 είς
1006 3425 1150 3517 ήμάςῦλδ
