2318 3894
338 231 483 291 ΠΡΟΣ
503 231 756 295 ONHTOPA
775 239 812 299 Β.
980 239 1043 305 365

100 388 227 475 ἡγοίτο;
246 385 270 474 6
286 394 361 457 τίνα
377 413 426 468 τις
444 393 578 467 δικαίως
595 383 639 457 ἀν
655 393 723 475 ἔχοι
740 396 815 478 περὶ
832 393 954 465 τούτου
972 398 1045 465 διά-

100 513 196 555 νοιαν
220 496 286 559 τοῦ
307 490 429 576 ῥᾳδίως
457 485 564 566 οὕτως
591 482 697 555 αὑτὸν
727 492 950 577 ἐξελέγχοντος
972 495 1043 564 ὅντ’

98 589 267 676 ἐπίορκον;
338 652 342 657 ,
832 646 834 652 .

58 706 91 756 10
179 680 275 751 Ἀλλά
289 681 332 769 νὴ
348 679 408 752 Δί’
420 692 498 761 ἴσως
516 679 590 769 οὐχὶ
606 681 704 751 πάντ’
724 683 815 776 αὐτῷ
832 697 968 773 τοιαῦτα
985 694 1045 760 πέ-

98 806 251 867 πρακται,
264 780 564 903 οδδέπανταηόθεν
576 780 702 866 δῆλόςέ
703 784 936 870 στιτεχνάξων.
959 786 1044 857 ἀλλά

98 879 345 966 καίτιμοίμευος
356 875 501 1001 φανερὰς
517 879 655 997 γέγονεν
667 875 715 945 ὑπ
715 872 908 975 ἐρἈφόβου
921 886 1046 955 ταλάν-
1132 887 1137 892 ’

98 1005 175 1063 του,
197 977 253 1045 καί
273 975 365 1046 τοῦτ’
388 972 490 1096 αάτδς
511 973 591 1060 ἡμῖν
613 970 806 1049 ἀποδώσειν
826 981 1043 1068 ἐγγυώμενος.

98 1085 204 1147 καίτοι
225 1072 430 1156 σκέψασθε
416 1071 468 1141 ότι
487 1080 566 1142 τοῦτ
569 1071 665 1141 ’ἐστι
686 1075 865 1161 τεκμήριον
879 1075 921 1146 06
937 1080 1044 1166 μόνον

98 1182 159 1245 τοῦ
170 1172 231 1260 τὴν
240 1188 383 1260 γυναῖκα
394 1185 564 1241 συνοικεῖν
578 1167 708 1261 Ἀφόβῳ
718 1176 774 1241 καί
785 1182 905 1244 τοῦτον
916 1182 1043 1258 οἰκείως

56 1293 86 1344 11
98 1279 193 1360 ἐχειν,
205 1269 288 1340 ἀλλά
301 1273 356 1339 καί
372 1277 433 1339 τοῦ
442 1267 486 1356 μὴ
501 1272 680 1337 δεδωκέναι
689 1268 751 1356 τὴν
769 1281 896 1355 προίκα.
921 1279 969 1353 τίς
979 1273 1061 1359 γὰρ·

99 1369 278 1456 ἀνδρωπος
289 1366 421 1456 ἠλίθιός
431 1369 521 1435 ἐστιν
532 1365 654 1452 οὕτως,
672 1362 709 1447 ὃς
720 1364 883 1455 ἀργύριον
891 1372 953 1456 μὲν
964 1369 1044 1451 δούς

98 1475 274 1553 τοσοῦτον,
296 1463 398 1535 ἔπειθ’
412 1469 450 1534 ἐν
464 1462 578 1552 λαβάν
596 1472 719 1551 χωρίον
729 1462 1044 1556 ἀμφισβητούμενον

97 1574 144 1647 είς
161 1566 376 1652 ἀποτίμησιν,
395 1563 460 1633 συν
471 1560 520 1643 οἷς
530 1563 694 1648 πρότερον
707 1566 878 1652 ἐζημίωτο,
899 1563 959 1634 τὸν
971 1563 1044 1635 ἀδι-
1051 1579 1103 1634 879

97 1667 245 1753 κη’σαντα
263 1691 308 1744 ως
324 1662 453 1741 δίκαιόν
469 1690 502 1732 τι
517 1662 700 1748 ποιήσοντα
721 1663 777 1730 καὶ
797 1671 858 1730 τοῦ
878 1671 937 1750 τῆς
952 1668 1044 1753 δίκης

97 1763 287 1890 ὀφλήματος
302 1761 632 1849 προσεγγυήσασθαις
653 1759 717 1848 ἐγώ
736 1759 798 1847 μέν
816 1757 923 1829 οὐδέν’
943 1760 1041 1849 οἶμαι

97 1864 153 1929 καὶ
163 1861 226 1947 γάρ
239 1860 318 1929 0666
328 1860 431 1945 λογον
440 1886 477 1928 το
489 1868 603 1946 πρᾶγμ
600 1856 698 1946 ἔχον
706 1859 831 1947 ἐστὶ
796 1856 1044 1929 τοναάτόναά-

97 1967 143 2047 τῷ
154 1986 198 2045 μη
187 1956 401 2043 δυνάμενον
410 1910 804 2044 κομίσασδαιτάλαυτοά,
821 1966 944 2026 τοῦτον
954 1958 1042 2049 ἀλλφ

97 2054 409 2142 τινὶφάσκειυάποτ
410 2057 654 2125 ίσεινκοιὶταῦτ
651 2051 868 2141 ’ἐγγυᾶσθαι
894 2027 1043 2125 ἀλλάκάὶ

97 2153 152 2222 ἀπ’
169 2153 288 2227 αὐτῶν,
297 2155 426 2233 τούτων
443 2155 510 2223 ἐστὶ
527 2157 632 2238 δῆλον
647 2149 698 2220 ὅτι
715 2150 776 2238 την
793 2155 855 2238 μὲν
871 2166 990 2239 προῖκα
1002 2153 1043 2222 06

90 2244 252 2334 δέδωκεν,
271 2248 344 2319 ἀντὶ
362 2251 398 2319 66
413 2258 547 2323 πολλῶν
558 2248 735 2336 χρημάτων
745 2256 814 2318 τοῖν
825 2252 914 2334 ἐμῶν
925 2256 1056 2332 οἰκεῖος,

99 2345 148 2417 6¹6
157 2348 287 2438 Ἀφόβῳ
298 2348 392 2418 ταῦτ’·
404 2348 592 2435 ἀπετιμᾶτο,
602 2347 813 2434 κληρονόμον
821 2346 886 2435 τὴν
895 2347 1045 2437 ἀδελφὴν

56 2469 90 2522 16
98 2455 166 2515 τοῖν
177 2450 266 2533 ἐμῶν
283 2444 355 2533 μετ’
367 2450 497 2516 ἐκείνου
513 2455 713 2533 καταστῆσαι
732 2444 943 2533 βουλόμενος.
977 2447 1045 2517 εἶτα

98 2553 164 2615 νῦν
183 2542 484 2632 παρακρούσασθαι
501 2551 590 2632 ζητεῖ
603 2546 659 2613 καί
672 2549 854 2630 φενακίζει,
876 2547 984 2631 λέγων
1000 2543 1045 2626 ιδς

98 2642 262 2729 πρότερον
282 2641 361 2723 τούς
382 2642 483 2729 ὅρους
503 2642 647 2730 ’ἔστησεν
669 2638 691 2730 6
718 2646 846 2712 ἐκεῖνον
865 2643 928 2730 τὴν
948 2648 1044 2732 δίκην

98 2741 224 2826 ὀφλεῖν
257 2741 299 2811 06
315 2743 481 2865 πρδτερόν
495 2737 566 2847 γεῆ
581 2766 670 2826 παρα
659 2741 751 2828 σοί
769 2752 803 2811 εί
809 2769 847 2828 γε
856 2770 922 2812 νυν
933 2742 1045 2831 αληδη

99 2842 209 2921 λέγεις.
228 2839 384 2925 δῆλον
346 2867 410 2927 γαρ
430 2839 480 2909 ὅτι
496 2839 682 2939 καταγνοὺς
693 2838 824 2909 ἀδικίαν
838 2839 944 2910 αὐτοῦ
954 2841 1042 2911 ταῦτ’

99 2938 226 3012 ἐποίεις.
250 2934 318 3003 εἶτα
328 2942 383 3009 καὶ
393 2947 524 3023 γελοίου
539 2965 637 3009 τουτο
656 2941 779 3024 λέγειν,
793 2937 903 3024 ὥσπερ
919 2938 982 3009 οὐκ
997 2946 1045 3008 εί-

99 3029 235 3101 δοτων
217 3059 313 3119 υμων
323 3061 374 3102 οτι
388 3036 508 3117 παντες
518 3035 603 3105 oc
567 3064 606 3104 τα
624 3044 738 3105 τοιαῦτ
739 3033 1042 3155 ’ἀδικοῦντεςσκο-

99 3137 251 3199 ποῦσιτί
265 3133 431 3250 λέξουσιν,
451 3136 509 3202 καὶ
528 3132 638 3213 οὐδεὶς
654 3131 776 3202 πώποτ’
796 3125 887 3216 ἀφλε
908 3143 1044 3203 σιωπῶν

64 3301 68 3308 ,
99 3225 172 3296 οὐδ’
192 3225 322 3305 ἀδικεῖν
342 3225 531 3316 ὁμολογεῖν·
555 3230 632 3303 ,ἀλλ’
645 3228 797 3316 ἐπειδὰν,
815 3228 920 3345 οἶμαι,
938 3232 1044 3354 μηδὲν

87 3324 203 3412 ἀληθέ
205 3353 222 3405 ς
242 3331 349 3411 λέγων
369 3324 561 3450 ἐξελεγγδη,
592 3330 666 3400 τότε
692 3326 909 3416 γιγνώσκεται
930 3329 1044 3414 ὁποῖός

58 3421 241 3492 186666.“
220 3448 302 3511 οπερ
312 3418 476 3507 καίοντος
486 3435 597 3515 ἔμοιγε
608 3430 856 3516 δοκείπασχειν
878 3432 963 3517 ἐπεί,
980 3435 1046 3516 φί-
