2318 3894
123 272 127 287 ·
158 251 202 315 86
372 247 899 312 ΧΧ1.ΔΗΜοΣΘΕΝοῬΣ

88 434 91 439 ⁴
160 405 209 480 ὦν
225 411 423 480 ἐπεπόνθειν
441 416 570 496 λαβεῖν,
591 411 711 474 δοῦναι
726 403 929 493 πραγμάτων
947 383 1107 474 άνοόδδν

68 575 74 582 .
116 517 120 523 ’
159 511 230 594 ἐμοὶ
248 517 394 594 προσῆκε
412 511 507 592 δίκην
525 499 749 572 ἐκινδύνευον.
783 505 838 572 καὶ
852 510 956 570 ταῦτα
972 492 1108 590 πάσχων

158 606 240 691 ἐγώ,
262 609 316 673 καί
332 612 452 672 τοῦτον
462 597 523 670 τόν
532 603 658 687 τρόπον
671 599 712 669 δυ
724 603 927 686 διεξέρχομαι
937 601 1016 669 νυνί
1027 598 1108 687 πρός

158 702 245 789 ὑμεῖς
256 699 545 822 ἐλαυνόμενος,’
507 728 569 770 ουα
581 697 629 769 τόν
641 699 718 768 οὔτε
729 708 797 768 τοῖν
807 698 1075 784 ἐρημοτάτων”
1033 725 1107 767 ουτε

158 807 225 866 τῶν
237 798 375 884 άπόρων
385 804 521 888 κομιδῇ,
540 797 603 867 οόιι
604 805 695 965 ίὲχω,
716 824 741 865 ω
729 790 889 882 άνδρες’
885 790 1108 917 A66vatot‚6

99 912 150 965 112
158 924 189 964 τι
206 895 268 983 χρὴ
285 905 428 984 ποιῆσαι
461 903 491 966 εί
505 895 569 982 γάρ
586 903 690 965 εἰπεῖν
706 921 737 963 τι
753 897 807 963 καί
818 897 893 978 περὶ
903 895 1035 991 τούτων
1045 895 1120 981 666

160 1000 224 1078 δεῖ,
247 1021 288 1062 ου
278 993 432 1080 ’μέτεστι
443 1003 511 1063 τῶν
524 1006 606 1064 ίσωυ
617 993 695 1062 οὐδὲ
706 1000 774 1061 τοῖν
785 991 933 1080 ὁμοίων,
950 1021 977 1061 ω
964 987 1107 1079 ἄνδρες

157 1091 342 1179 Ἀθηναῖοι,
354 1091 437 1178 πρὸς
448 1091 525 1172 τοδς
537 1097 715 1169 πλουσίους
725 1105 792 1169 τοῖς
803 1087 959 1168 ῖοιποῖς’
941 1097 1055 1211 ημῶν,
1068 1087 1106 1158 οὐ

159 1193 324 1285 μέτεστιν,
348 1189 405 1259 06
428 1189 511 1259 άλλά
529 1196 583 1259 παὶ
599 1189 925 1276 χρόνοιτοότοιςτοῦ
935 1186 998 1274 τὴν
1013 1183 1107 1275 δίκρν

159 1287 326 1376 ὑποσχεῖν,
339 1289 397 1370 οὕς
408 1285 450 1358 άν
461 1287 554 1357 αὐτοὶ
565 1289 761 1411 βοόῖωνται,
775 1291 936 1372 δίδονται,
950 1289 1006 1355 καί
1017 1289 1110 1356 τάδι-

159 1413 288 1472 ιιηματα
296 1387 428 1454 εωλα
391 1415 430 1454 τα
440 1414 568 1455 τουτων
578 1415 622 1466 ως
631 1413 716 1473 υμας
727 1387 781 1454 καὶ
791 1383 900 1472 ψυχρα
910 1383 1105 1471 αφιπνεῖται,

158 1492 226 1550 τῶν
237 1481 269 1549 δ’
283 1481 394 1550 ἄλλων
405 1481 501 1569 ἡμῶν
511 1487 662 1566 ἕκαστος,
674 1483 718 1551 άν
729 1509 761 1549 τι
772 1489 898 1570 συμβῇ,
916 1482 1106 1568 πρόσφατος

159 1588 312 1663 κρίνεται.
336 1584 391 1648 καὶ
404 1581 567 1666 μάρτυρές
576 1586 659 1647 είσιυ
667 1581 791 1666 ἕτοιμοι
799 1579 929 1658 τούτοις
937 1582 993 1647 καὶ
1001 1580 1107 1666 συνή-

131 1692 136 1702 “
158 1704 253 1764 νοροι
263 1701 382 1756 παντες
399 1675 478 1745 καθ’
495 1675 591 1764 ἡμῶν
607 1676 789 1765 εὐτρεπεῖς
810 1679 880 1761 ἐμοί
897 1678 933 1745 δὲ
950 1675 1084 1744 0666’
1047 1704 1105 1745 τα·

100 1784 152 1839 113
160 1784 249 1862 ληθη
266 1790 445 1863 μαρτυρεῖν
462 1774 670 1856 ἐθέλοντας
654 1784 735 1871 ορατ
738 1775 887 1854 ’ένίους
921 1781 1027 1842 ταῦτα
1047 1775 1108 1862 μὲν,

160 1899 223 1941 ουν
234 1880 366 1941 απειποι
376 1900 423 1954 τις
435 1902 478 1943 αν
485 1874 617 1962 ,οίμαι,
634 1882 783 1960 θρηνῶν
814 1899 875 1941 τον
885 1873 973 1941 δὲ
923 1899 1041 1960 νυμον
1050 1891 1105 1960 ’μοι
1141 1952 1143 1957 Α

161 1971 231 2057 λέγ’
244 1971 670 2073 ίφεξῆς,άοπερήρξάμην.
693 1975 775 2056 λέγε.

553 2095 712 2156 ΝΟΜΟΣ.

289 2176 380 2286 [Ἐάν
390 2231 434 2281 τις
447 2199 576 2288 ’ίΑθηνα
575 2233 617 2270 ων
627 2201 763 2311 λαμβάνῃ
773 2199 854 2306 παρά
871 2228 966 2284 τινος,
985 2198 1007 2286 6
1022 2196 1106 2278 αιἰτδς

204 2293 277 2376 διδῷ
289 2283 416 2393 ξτέρῳ,“
396 2318 415 2372 6
426 2294 552 2370 διαφδεί
550 2316 642 2392 66
597 2285 679 2364 τινάς
691 2284 942 2388 ἐπαγγελλόμενος,
951 2287 999 2350 ἐπὶ
1010 2283 1106 2388 βλάβῃ

98 2444 100 2449 .
202 2398 254 2436 του
241 2355 383 2476 δήμοιό
370 2376 421 2437 καί
432 2377 494 2458 ίδία
509 2397 587 2446 τινος
602 2379 660 2435 τῶν
676 2377 820 2474 πολιτῶν,
841 2366 939 2456 τρόπῳ
956 2364 977 2451 6
992 2375 1106 2455 μηχανῇ

131 2494 137 2505 ·
203 2452 350 2542 ᾑτινιοῦν,
363 2453 464 2536 άτιμος
474 2435 545 2518 {m
556 2455 607 2516 καί
616 2457 718 2527 παῖδες
728 2449 849 2517 παδὲ
788 2455 881 2518 ταέιιε
881 2459 969 2536 ίυου]

101 2568 153 2621 114
248 2561 347 2629 Οὕτω
363 2569 480 2629 τοίνυν
496 2553 595 2639 οὗτός
613 2565 702 2629 ἐστιν
719 2560 840 2650 ἀσεβὴς
855 2565 911 2632 καὶ
926 2563 1044 2648 μιαρός
1054 2563 1107 2631 καὶ

161 2655 261 2728 πάν’“
239 2687 282 2726 αν
293 2656 437 2737 ὑποστάς
448 2665 550 2726 εἰπεῖν
560 2661 614 2726 καί
626 2666 760 2746 πρᾶξαι,
773 2666 804 2728 εί
813 2658 843 2728 δ’
858 2657 1014 2747 άληθδςῆ
1024 2668 1107 2743 ψεῦ-

161 2754 218 2835 δός
234 2753 256 2842 6
273 2754 356 2841 πρός
372 2756 495 2843 ἐχθρόν
511 2752 533 2842 6
549 2764 648 2842 φίλον
665 2758 688 2844 6
703 2759 744 2826 τά
761 2767 914 2843 τοιαῦτα,
937 2756 1011 2828 ἀλλ’
1031 2755 1104 2828 οὐδ’

162 2853 277 2924 ὁτιοῦν
293 2860 366 2942 διορ
369 2852 503 2937 666‚‘
482 2852 549 2921 ω’στ
554 2852 851 2941 ’ἐπαιτιασάμενός
868 2881 908 2942 με
926 2856 1038 2940 φόνου
1054 2855 1151 2925 παίό51

117 2961 292 3021 τοιοῦτο
302 2960 437 3037 πρᾶγμα
447 2952 621 3055 ἐπαγαγών
632 2964 720 3022 εῖασε
732 2955 794 3039 μέν
802 2979 843 3038 με
854 2979 869 3021 ε
870 2955 1014 3039 ἰσιτήρια
1024 2952 1106 3039 ὑπὲρ

159 3058 218 3135 τῆς
239 3053 584 3137 βουλῆςίεροποιῆσαι
605 3057 784 3119 καδδῦσαι
805 3054 860 3118 καί
882 3050 1108 3139 κατάρξασθαι

100 3158 150 3210 115
160 3174 228 3215 των
245 3153 345 3232 ἱερῶν
361 3145 480 3232 ὑπὲρ
461 3159 558 3236 υμῶν
573 3153 628 3217 καί
645 3148 724 3234 ὅλης
739 3150 951 3236 τῆςπόλεως,
975 3149 1107 3219 είασεδ’

161 3243 463 3328 άρχιδεωροῦντα’
444 3262 579 3332 αγαγεῖν
589 3271 635 3335 τῳ
621 3250 703 3314 Διὶ
713 3274 759 3336 τω
748 3249 948 3338 Νεμείῳ
913 3276 975 3336 την
992 3248 1110 3337 κοινὴν

161 3339 245 3424 ὑπὲρ
265 3349 323 3426 τῆς
343 3343 468 3423 πόλεως
487 3351 651 3430 θεωρίαν,
673 3350 813 3428 περιεῖδε
832 3346 867 3414 δὲ
883 3361 953 3425 ταῖς
970 3355 1111 3434 ’σεμναῖς

139 3440 141 3445 ’
160 3450 254 3519 θεαῖς
265 3441 432 3523 ἱεροποιόν
442 3445 618 3530 αίρεδίντα
629 3447 660 3523 ἐξ
668 3441 856 3532 Ἀθηναίων
867 3444 1027 3516 ἁπάντων
1039 3461 1111 3534 τρί-
