2318 3894
264 92 407 180 mm
428 120 885 189 ΛΡΙΣΤοΚΡΑΤουΣ.
985 127 1048 192 ιω

96 283 270 367 αφείλετο,
292 282 424 363 ἐκείνην
439 277 502 365 τήν
524 287 635 348 πίστιν
653 282 859 371 βουλήσεσθ’
880 290 1045 384 ἰχειν,ἥο.

92 382 155 463 περ
175 378 259 463 φασδ
278 373 361 462 πρὸς
376 381 658 463 Λακεδαιμονίους
674 379 748 448 ποτ’
767 387 872 450 εἰπεῖν
882 384 1045 466 Φιλοκρά·

43 471 425 563 ιητηντδνἘφιάλτον·
449 477 504 543 καί
514 474 579 562 γὰρ
588 477 718 546 ἐκεῖνόν
729 500 847 568 φασιν,
859 482 1047 561 ἐξαπατών-
1074 537 1082 550 .

89 600 159 643 των
175 600 208 642 τι
226 579 298 642 τεόν
306 578 579 660 Λακεδαιμονίων
596 579 650 643 καί
672 578 916 662 προτεινόντων
936 587 1047 648 πίστιν
1097 612 1100 620 ¹

88 673 209 760 ἥντινα
219 672 377 759 βούλεται
388 673 579 759 λαμβάνειν,
593 679 696 742 εἰπεῖν
706 673 757 745 ότι
769 681 879 744 πίστιν
889 673 1047 746 άνόίεται

89 775 251 859 γενέσθαι
261 770 387 858 μόνην,
399 777 430 840 εἰ
440 775 579 852 δείξειαν
591 771 691 858 ὅπως,
702 770 745 841 άν
756 760 1045 863 άδικεῖνβοάλων-

89 896 160 956 ται,
183 867 228 955 μή
247 869 465 956 δυνήσονται,
488 872 558 938 ἐπεὶ
575 870 625 938 ότι
642 870 675 956 γ’
695 869 745 941 άεί
756 874 987 960 ’βουλήσονται
1004 868 1045 940 εὖ

89 970 229 1038 εἰδέναι·
250 970 313 1047 ἕως
323 964 366 1036 άν
377 961 440 1036 οὖν
451 969 633 1056 δύνωνται,
646 976 756 1039 πίστιν
767 969 828 1039 οὐκ
840 972 932 1040 εἰναι.
962 972 1045 1039 ταύ-

89 1090 169 1155 την,
192 1063 237 1136 άν
252 1069 324 1154 ἐμοὶ
334 1075 461 1154 χρῆσθε
472 1068 668 1159 συμβούλω,
689 1071 851 1154 φυλάξετε
861 1067 922 1156 τήν
935 1080 1045 1137 πίστιν

89 1167 304 1254 πρδςτοῦτον
312 1164 372 1235 τόν
380 1172 506 1254 Θρᾷκα,
515 1169 568 1235 καὶ
576 1165 835 1254 μήβουλήσισθε
844 1171 1046 1234 εἰδέναιτίνα

90 1259 153 1350 άν,
163 1270 197 1332 εἰ
206 1264 313 1350 πάσης
324 1263 430 1348 ἄρξειε
444 1265 592 1351 Θράκης,
605 1263 688 1348 πρός
699 1266 785 1350 ὑμάς
796 1272 888 1351 σχοίη
899 1265 1045 1351 γνώμην.

39 1379 83 1434 118
167 1361 240 1431 Ὅτι
251 1370 367 1431 τοίνυν
377 1362 462 1442 ὅλως
473 1361 548 1431 οὐδ’
560 1354 782 1448 ὑγιαινόντων
794 1364 884 1431 ἐστὶν
906 1360 1046 1447 άνθρά-

90 1486 166 1531 πων
181 1468 320 1530 τοιαῦτα
336 1461 479 1548 γράφειν
488 1468 683 1548 ψηφίσματα
694 1464 749 1530 καί
760 1461 889 1530 διδόναι
899 1467 963 1529 τισὶ
975 1488 1046 1530 τοι-

90 1562 194 1641 αύτας
211 1554 354 1648 δωρεάς,
379 1564 434 1629 καί
449 1559 540 1629 τοῦτ’
560 1564 596 1630 ἐκ
613 1569 746 1629 πολλῶν
767 1560 885 1650 ῥηίδιον
906 1568 1041 1646 γνῶναι.

90 1671 159 1730 tows
175 1659 242 1745 γὰρ
259 1659 368 1746 δήπου
389 1659 524 1744 πάντες,
548 1653 576 1728 τό
596 1659 716 1748 άνδρες
734 1658 921 1747 Ἀθηναῖοι,
943 1668 1042 1730 τοῦτο

90 1756 213 1845 δμοίως
231 1760 318 1843 ἐμοὶ,
342 1755 392 1825 ὅτι
407 1756 467 1825 τὸν
478 1759 594 1827 Κότυν
610 1757 683 1827 ποτ’
702 1762 830 1828 ἐκείνου
841 1760 1041 1846 ἐποιήσασθε

88 1864 228 1944 πολίτην
249 1859 354 1941 δῆλον
374 1852 418 1935 ὡς
437 1856 511 1923 κατ’
533 1858 742 1926 ἐκεῖνοντὸν
762 1857 885 1943 χρόνον
916 1856 1041 1926 εὔνουν

85 1953 267 2042 ήγυάμενοι
285 1955 340 2021 καί
356 1961 463 2039 φίλον.
496 1958 551 2022 καί
568 1955 635 2041 μήν
650 1958 705 2022 καί
721 1969 854 2041 χρυσοίς
864 1957 1041 2041 στεφάνοις

39 2058 320 2141 119ἑστεφανοῦτε,
332 2051 394 2121 οὐκ
405 2049 458 2138 άν,
471 2059 510 2121 εί
509 2053 537 2138 γ’
550 2053 675 2139 ἐχθρόν
685 2052 828 2139 ήγεϊσθε.
853 2051 928 2121 ἀλλ’
940 2052 1040 2138 ὅμως,

86 2154 200 2240 ἐπειδὴ
218 2150 363 2239 πονηρός
379 2154 435 2220 καί
454 2161 547 2229 θεοῖς
564 2151 683 2236 ἐχθρός
700 2145 744 2237 ήν
755 2154 808 2220 καί
819 2153 943 2238 μεγάλα
954 2149 1040 2237 ὑμᾶς

86 2251 299 2340 ήόίκει,τούς
309 2249 564 2327 άποκτείναντας
575 2254 702 2317 ἐκεῖνον
712 2250 865 2318 Πύθωνα
876 2247 1039 2336 καίἩρα-

86 2352 239 2437 κλείδην,
260 2347 339 2428 τοὺς
349 2354 503 2432 Αἰνίους,
525 2354 660 2425 πολίτας
677 2345 874 2433 ἐποιήσασθ’
887 2345 930 2427 ὡς
942 2345 1038 2434 εὐερ-

85 2452 179 2534 γε’τας
190 2451 247 2517 καί
255 2462 390 2535 χρυσοῖς
399 2447 575 2534 στεφάνοις
585 2447 841 2533 ἐστεφανώσατε.
865 2453 897 2516 εἰ
903 2447 942 2534 δή
951 2446 1036 2532 τότε,

85 2546 143 2617 ὅθ’
155 2546 239 2635 ὑμίν
249 2553 376 2625 οἰκείως
387 2551 473 2632 ἔχειν
483 2544 501 2613 ὁ
512 2547 622 2624 Κότυς
633 2536 755 2630 ἐδόκει,
774 2550 898 2631 ἔγραψέ
905 2572 961 2629 τις,
977 2545 1037 2613 ἐάν

84 2672 132 2725 τις
147 2642 330 2731 άπυκτείνη
340 2644 470 2730 Κότυν,
493 2648 631 2712 ἔκδοτον
647 2639 753 2712 αὐτόν
768 2643 868 2731 εἰναι,
894 2645 1038 2729 πότερον
1047 2659 1100 2714 660

84 2740 206 2824 ἐξέδοτῗ
225 2738 270 2810 άν
285 2741 346 2810 τόν
357 2744 510 2811 Πύθωνα
528 2746 583 2810 καὶ
598 2741 660 2811 τόν
675 2742 839 2830 άδελφὸν,
859 2739 883 2830 ή
899 2743 988 2829 παρὰ
999 2733 1044 2810 τό·

82 2842 240 2929 ψήφισμα
259 2850 358 2910 τοῦτο
381 2849 515 2920 πολίτας
535 2845 700 2910 ἐποιεῖσθε
721 2845 776 2910 καί
798 2838 843 2920 ὥς
865 2838 1038 2926 εὐεργέτας

39 2945 226 3029 Κλέτιμάτες
235 2948 271 3009 τί
279 2943 322 3022 δ’;
331 2938 545 3027 Ἀλέξανδρον
556 2945 683 3009 ἐκεῖνον
693 2941 753 3008 τὸν
765 2938 939 3024 Θετταλόν,
951 2935 1034 3024 ἡνίκ’
1072 2963 1076 2970 ·

82 3039 147 3127 εἶχε
162 3040 450 3126 μένάἰχμάλωτον
468 3041 570 3127 δήσας
579 3043 783 3123 Πελοπίδαν,
807 3035 928 3124 ἐχθρός
947 3034 978 3105 δ’
993 3033 1036 3116 ὡς

81 3139 192 3220 οὐδεὶς
206 3134 255 3226 ,ήν
279 3147 453 3227 Θηβαίοις,
473 3139 552 3226 ὑμῖν
576 3137 607 3207 δ’
630 3145 759 3219 οἰκείως
774 3141 911 3208 διέκειτο
929 3138 1036 3216 οὕτως

82 3238 168 3309 ὥστε
178 3238 259 3324 παρ’
273 3236 371 3326 ὑμῶν
381 3241 565 3325 στρατηγόν
576 3245 693 3328 αἰτεῖν,
715 3243 886 3326 ἐβοηθεῖτε
898 3237 929 3307 δ’
944 3236 1035 3326 αὐτῷ

81 3341 138 3408 καί
152 3338 255 3408 πάντ’
272 3332 316 3424 ήν
328 3338 555 3425 Ἀλέξανδρος,
577 3336 754 3421 πρόςΔιός
772 3347 805 3404 εἰ
816 3332 1046 3420 τιςέγραψεν,

823 3428 901 3493 12,*-
941 3478 945 3487 ,
