2318 3894
194 319 199 336 .
240 237 387 329 RATA
407 237 865 311 ΑΡΙΣΤΟΚΡΑΤΟῬΣ.
955 239 1018 305 205

72 403 104 466 εί
112 401 166 466 δεῖ
172 395 253 483 μετὰ
271 401 455 485 παρρησίας
472 394 739 489 είπεῖντάληθή,
762 397 896 479 οὐδένες
911 398 1018 487 ὑμῶν,
1138 470 1141 481 ,

63 490 100 565 τό
112 496 233 582 ἀνδρες
241 494 421 581 Ἀθηναῖοι,
433 495 562 581 μάλλόυ
574 501 656 564 εἰσιν
666 490 773 565 αίτιοι.
802 495 881 566 οὐδὲ
892 499 956 585 γάρ
969 504 1020 567 δί-

71 623 136 682 κην
147 602 195 663 έτι
206 588 387 682 λαμβάνειν
398 597 527 662 ἐθέλετε
538 593 626 680 παρά
639 602 707 662 τῶν
717 594 942 685 ἀδικούντων,
959 596 1020 665 ἀλ·

71 691 113 762 λά
125 691 180 762 καὶ
192 690 284 762 τοῦτ’
298 692 495 779 ἐξελήλυθεν
515 695 552 760 ἐκ
568 701 626 780 τής
643 693 778 774 πόλεως.
813 703 920 765 καίτοι
941 699 1019 766 σκέ-

71 800 184 872 ψασθε
198 789 241 869 ῶς
252 788 408 870 ἐκόλαζον
419 793 452 857 οί
462 789 624 875 πρόγονοι
636 789 715 871 τούς
728 790 928 872 ἀδικοῦντας
939 794 1015 861 έαυ-

19 887 167 975 ιοότούς,
187 895 216 957 αι’
232 886 569 975 παραπλησίωςύμῖυ.
600 891 719 958 έκεῖνοι
729 894 948 977 Θεμιστοκλέα
958 899 1019 958 λα·

73 988 188 1074 βόντες
204 992 315 1072 μεῖζον
331 983 446 1077 αὐτῶν
465 985 622 1066 ἀξιοῦντα
644 1002 783 1074 φρονεῖν
805 989 968 1076 ἐξήλασαν
983 991 1018 1055 ἐκ

74 1095 131 1172 τής
147 1085 273 1162 πόλεως
289 1087 344 1152 καὶ
361 1084 526 1171 μηδισμὸν
542 1086 769 1170 κατέγνωσαν·
797 1089 852 1154 καί
869 1093 1017 1172 Κίμωνα,

77 1181 127 1252 ότι
137 1180 198 1268 τήν
207 1188 347 1267 Παρίων
357 1182 547 1269 μετεκίνησε
558 1190 725 1251 πολιτείαν
737 1179 784 1267 ἐφ’
799 1185 936 1268 ἑαυτοῦ,
955 1209 1020 1250 πα-

76 1278 119 1366 ρά
134 1295 219 1367 τρεῖς
236 1279 297 1367 μέν
314 1278 456 1366 ἀφεῖσαν
472 1280 622 1366 ψήφους,
645 1279 682 1348 τό
695 1279 739 1366 μή
752 1282 889 1371 θανάτῳ
902 1287 1021 1368 ζημιῶ-

75 1399 141 1464 σαι,
150 1380 359 1465 πεντήκοντα
381 1381 417 1446 δέ
437 1378 583 1446 τάλαντα
604 1380 791 1464 ἐξέπραξαν.
825 1381 881 1447 καὶ
902 1388 1021 1447 τοῦτον
1105 1451 1107 1455 ,

73 1477 133 1546 τόν
153 1479 279 1563 τρόπον
301 1481 547 1563 προσεφέροντο
569 1475 742 1561 τηλικαῦτ’
765 1473 888 1555 αύτούς
908 1474 1021 1562 ἀγαθοὶ

74 1582 298 1664 είργασμένοις
325 1575 525 1660 ἀνθρώποις.
576 1579 722 1654 δικαίως
755 1574 797 1644 ού
823 1573 888 1662 γάρ
911 1575 1085 1655 αύτοϊςθὸδ

75 1673 271 1744 ἀπεδίδοντο
289 1673 351 1762 τήν
363 1673 475 1743 αὐτῶν
494 1676 689 1761 ἐλευθερίαν
699 1672 753 1742 καί
775 1681 1022 1762 μεγαλοψυχίαν

73 1782 141 1841 τῶν
152 1779 276 1859 ἔργων,
288 1772 371 1841 ἀλλά
382 1772 544 1859 χρηστούς
554 1771 616 1859 μὲν
625 1770 724 1852 ὄντας
734 1775 871 1860 ἐτίμων,
895 1768 1030 1843 ἀδικεῖν

19 1887 64 1940 206
76 1868 106 1938 δ’
125 1873 347 1954 ἐπιχειροῦσιν
368 1869 431 1938 ούκ
452 1869 642 1955 ἐπέτρεπον.
658 1868 767 1958 ύμεῖς
788 1870 831 1957 δ’,
853 1863 880 1940 ῶ
902 1872 1021 1958 ἀνδρες

73 1968 257 2054 Ἀθηναῖοι,
279 1967 357 2046 τούς
378 1968 418 2036 τά
439 1967 559 2055 μέγιστ’
577 1970 773 2048 ἀδικοῦντας
792 1974 848 2039 καὶ
862 1979 1022 2058 ’φανερῶς

75 2069 355 2153 ἐξελεγχομένους,
380 2063 423 2135 ἀν
440 2071 477 2148 ἓν
490 2063 513 2154 ή
524 2068 586 2154 δύρ
602 2064 715 2137 ἀστεῖα
730 2078 845 2137 είπωσι
861 2072 916 2138 καὶ
931 2067 1021 2153 παρὰ

75 2173 144 2238 τῶν
175 2173 330 2250 φυλετῶν
360 2170 447 2246 τινὲς
479 2163 638 2256 ήρημένοι
665 2166 817 2245 σύνδικοι
842 2172 1021 2254 δεηθῶσιν,

75 2260 204 2349 ἀφίετε·
227 2261 286 2329 έάν
299 2263 336 2331 δὲ
347 2267 403 2332 καὶ
413 2265 692 2351 καταψηφίσησθέ
701 2289 777 2348 του,
796 2269 891 2333 πέντε
908 2266 963 2332 καί
975 2274 1022 2333 εί-

76 2381 151 2430 κοσι
163 2365 319 2447 δραχμῶν
329 2362 510 2449 ἐτιμήσατε.
541 2365 595 2431 καί
605 2361 670 2448 γάρ
682 2386 735 2430 τοι
753 2360 826 2431 τότε
843 2359 883 2428 τά
894 2360 955 2448 μέν
965 2369 1022 2448 τῆς

74 2458 202 2537 πόλεως
212 2454 255 2545 ήν
266 2458 393 2545 εὔπορα
403 2463 459 2529 καὶ
470 2459 604 2547 λαμπρά
616 2465 768 2548 δημοσία,
786 2464 854 2548 ίδίμ
866 2459 901 2528 δὲ
914 2457 1022 2543 οὐδεὶς
1067 2490 1068 2493 ’

19 2574 64 2632 ιοῖ
76 2554 223 2646 ὑπερεῖχε
240 2568 308 2628 τῶν
325 2567 466 2630 πολλῶν.
500 2559 678 2648 τεκμήριον
701 2563 751 2627 δέ’
781 2555 845 2645 τήν
861 2567 1023 2644 Θεμιστο-

74 2659 191 2736 κλέους
201 2657 263 2743 μὲυ
276 2664 383 2727 οίκίαν
404 2661 459 2728 καί
474 2659 665 2728 Μιλτιάδου
685 2658 741 2726 καί
762 2664 830 2724 τῶν
846 2655 920 2725 τότε
937 2665 1022 2742 λαμ-

73 2763 178 2841 πρῶν,
191 2765 225 2824 εί
230 2783 278 2836 τις
288 2756 354 2843 ἀρα
364 2755 461 2844 ὑμῶν
473 2757 562 2826 οίδεν
572 2755 670 2826 ὁποία
681 2753 756 2825 ποτ’
769 2757 866 2840 ἐστὶν,
880 2755 943 2845 ὁρᾷ
954 2764 1023 2824 τῶν

73 2861 208 2921 πολλῶν
225 2853 325 2923 οὐδὲν
343 2848 674 2942 σεμνοτέρανούσαν,
694 2853 735 2923 τά
757 2855 794 2925 δὲ
814 2863 873 2941 τῆς
894 2854 1022 2933 πόλεως
1124 2921 1127 2925 ,

73 2950 317 3036 οἰκοδομήματα
328 2955 381 3019 καὶ
392 2954 686 3040 κατασκευάσματα
695 2960 873 3038 τηλικαῦτα
885 2955 940 3020 καὶ
951 2977 1021 3019 τοι-

73 3054 158 3116 αῦτα
177 3048 261 3116 ῶστε
284 3053 400 3135 μηδενὶ
411 3060 479 3120 τῶν
490 3052 752 3136 ἐπιγιγνομένων
763 3047 954 3135 ὑπερβολήν
965 3056 1020 3116 λε-

43 3154 45 3158 ’
72 3157 220 3232 λεῖφθαι,
233 3148 422 3234 προπύλαια
433 3157 547 3234 ταῦτα,
559 3142 750 3231 νεώσοικοι,
762 3148 855 3215 στοαί
863 3153 1020 3233 ,Πειραι-

19 3271 65 3324 208
74 3245 140 3334 εός,
152 3245 256 3315 τόλλα
268 3244 317 3325 οἷς
328 3251 634 3334 κατεσκευασμένην
644 3243 741 3335 ὁρᾶτέ
752 3243 815 3332 τήν
825 3245 933 3315 πόλιν.
954 3253 1022 3314 νῶν

74 3341 104 3410 δ’
119 3349 186 3433 ίδίρι
198 3346 258 3430 μὲν
271 3345 397 3435 ἕκάστφ
409 3353 477 3413 τῶν
487 3343 527 3414 τά
539 3342 635 3413 κοιυά
646 3345 860 3428 πραττόντων
876 3344 1019 3428 τοσαύτη

72 3449 245 3527 περιουσία
267 3445 356 3511 ἐστὶν
375 3442 458 3512 ῶστε
475 3446 561 3523 τινὲς
577 3443 639 3531 μὲν
648 3440 762 3512 αὐτῶν
772 3449 905 3511 πολλῶν
917 3444 1021 3524 δημο-
