2318 3894
252 342 255 348 .
317 251 461 314 KATA
480 250 752 336 Αωοεονπ.
942 252 1006 316 εοο

56 413 145 495 σταδ,
160 416 333 479 κατέλιπεν
342 406 462 478 ούσίαν
471 410 534 497 μὲν
544 408 663 497 σχεδὸν
674 409 840 495 τεττάρων
853 416 911 482 ’καὶ
925 419 1005 484 δέκα

55 508 243 594 ταλάντων,
269 506 389 594 &M
401 506 472 577 ἕπτ’
494 506 616 599 ἐτων”
594 522 676 577 οντα
693 509 806 578 καὶ
770 536 833 630 την
855 509 1006 599 ἀδελφὴν

56 609 171 693 πέντε,
191 611 246 674 ἔτι
262 606 353 674 δὲ
318 631 380 693 την
391 603 553 694 ἡμετέραν
564 611 687 693 μητέρα
704 607 909 693 πεντήκοντα
921 617 1006 696 μναῖς
1044 607 1047 612 ’

57 709 103 782 ς
118 729 178 771 τον
195 702 331 771 οδκονέ
301 729 317 771 ε
318 705 583 790 ἐσενηνεμμένην.
606 702 872 791 βουλευσάμενος
883 708 920 774 δὲ
929 708 1005 790 περι
1131 774 1134 779 ,

55 801 162 888 ήμων,
174 800 213 870 ὅτ
216 800 360 888 ’ἔμελλε
368 799 571 887 τελευταῖν,”
549 824 680 869 απαντα
693 808 796 869 ταῦτα
807 805 1004 890 ἐνεχείρισεν

54 900 186 991 Ἀφύβφ
204 927 242 968 τε
253 899 361 990 τούτῳ
378 901 434 968 καὶ
453 905 660 986 Δημοφῶντι
679 907 725 988 τῷ
746 902 910 986 Δήμωνος
927 906 1002 988 υίελ,

56 998 190 1065 τούτοιν
201 998 265 1082 μέν
279 995 473 1083 ἀδελφιδοῖν
488 994 618 1082 δ’ντοιν,
643 1003 691 1084 τῷ
711 995 772 1080 μὲν
789 999 822 1076 ἐξ
842 994 1006 1085 ἀδελφοῦ,

56 1103 104 1183 ,τῷ
130 1094 162 1162 δ’
175 1098 208 1175 ἐξ
232 1096 379 1182 ἀδελφῆς
399 1092 594 1181 γεγονότοιν
601 1099 681 1179 ,ἔτι
701 1093 737 1161 δέ
749 1099 937 1182 Θηριππίδῃ
958 1104 1004 1184 τῷ

59 1199 220 1278 Παιανιεῖ,
233 1197 323 1278 μένει
332 1193 394 1278 μδν
405 1191 506 1272 ούδδν
514 1190 726 1278 προσήκοντι,
739 1199 825 1281 φίλφ
836 1191 868 1260 δ’
884 1195 921 1261 ἐκ
928 1217 1006 1261 παι-

29 1287 118 1368 5δδς
130 1287 321 1381 ὑπάρχοντι.
342 1288 485 1379 κάκείνφ
502 1291 699 1374 μένζέδωκεν
713 1290 750 1356 ἐκ
759 1297 834 1356 ’ταῖν
848 1292 938 1375 ἐμων
949 1292 1004 1377 ἐβ-

58 1387 247 1474 δομήκοντα
261 1391 346 1474 μνάς
356 1387 600 1472 καρπώσασθαι
609 1393 774 1454 τοσοῦτον
786 1387 925 1473 χρόνον,
942 1389 1004 1466 ἕως

57 1485 122 1570 ἐγω
140 1482 225 1571 άνήρ
239 1483 323 1552 εἶναι
335 1490 590 1574 δοκιμασθείην,
607 1485 697 1563 ὅπως
709 1483 754 1571 μή
765 1484 811 1553 δι’
823 1490 1005 1571 ἐπιθυμίαν

57 1580 233 1667 χρημάτων
242 1582 356 1666 χεῖρόν
364 1609 397 1650 τι
407 1589 476 1651 τάν
486 1585 575 1669 ἐμάν
588 1583 780 1670 διοικήσειε·
797 1590 1003 1671 Δημοφῶντι

59 1681 94 1748 δέ
107 1679 169 1765 τήν
185 1679 267 1765 ἐμήν
285 1679 435 1768 άδελφήν
447 1683 504 1750 καὶ
521 1681 583 1749 δύο
600 1683 747 1749 τάλαντα
764 1679 869 1760 εύθδς
879 1685 1014 1750 ἐδωιιενι

58 1783 158 1861 ἐχειν,
190 1777 281 1868 αύτῷ
294 1778 446 1868 δδτούτφ
460 1778 523 1866 τήν
539 1781 664 1866 μητέρα
681 1778 746 1866 τήν
767 1777 930 1868 ἡμετέραν
950 1781 1015 1848 καί

58 1886 178 1956 προῖκα
198 1872 405 1968 Ιὀγδοήκοντα
424 1884 526 1963 μνᾶς,
554 1879 610 1965 καὶ
625 1884 666 1963 τῇ
688 1884 776 1966 οίιιίφ
795 1880 851 1947 καὶ
872 1879 1005 1947 σκεύεσι
1115 1929 1121 1941 .

57 1979 201 2058 χρῆσθαι
211 1986 278 2051 τοῖς
291 1976 388 2060 ἐμοῖς,
405 1972 596 2061 ἡγούμενος,
608 1976 664 2042 καὶ
675 1976 815 2054 τούτους
825 1983 873 2044 ἐτι
884 1983 1005 2045 οίιιειο-

58 2075 173 2156 τέρους
188 2081 221 2140 εί
227 2098 284 2157 μοι
297 2071 482 2158 ποιήσειεν,
506 2070 568 2140 ούκ
580 2068 744 2156 άνχελρόν
754 2096 794 2158 με
810 2074 1005 2156 ἐπιτροπευ-

30 2176 162 2255 σθηνοιι
171 2193 293 2252 ταυτης
302 2194 360 2253 της
371 2166 570 2254 οἰκειοτητος
580 2192 636 2254 μοι
652 2172 927 2254 προσγενομένης.
946 2176 1006 2235 λα-

56 2264 217 2352 βόντεςδ’
229 2256 441 2332 ούτοιταύτα
458 2289 592 2349 πρωτον
613 2271 728 2385 σφίσιν
749 2263 860 2344 αὐτοῖς
881 2269 917 2333 ἐκ
938 2272 1006 2332 τάν

55 2365 246 2449 χρημάτων,
258 2361 358 2430 καί
322 2387 385 2448 την
396 2363 502 2449 ἄλλην
512 2361 667 2430 ούσίοιν’
644 2383 776 2431 αποισαν
787 2367 1005 2450 διαχειρίσαν-
1012 2382 1065 2438 815

55 2487 123 2547 τες,
142 2461 197 2528 καὶ
213 2461 293 2553 δέκα
303 2456 387 2545 ἐτη
370 2467 456 2547 ημᾶς
467 2459 824 2547 ἐπιτροπεύσαντεςς
797 2486 838 2528 τα
825 2457 1004 2548 μὲνάλλοι

55 2558 163 2628 πάντα
183 2556 442 2646 άπεστερήκοισι,
468 2555 531 2645 τήν
550 2565 660 2628 οίιιέοιν
680 2560 715 2626 δέ
735 2559 790 2626 καί
810 2555 1004 2646 ἀνδράποδα

53 2661 189 2764 τέτταρα
200 2656 256 2726 κάλ
272 2660 353 2736 δέκα
369 2659 425 2727 καὶ
442 2656 605 2751 ἀργυρίου
620 2662 705 2742 μνᾶς
720 2653 917 2742 τριάκοντα,
938 2654 1003 2742 μά-

56 2764 149 2832 λιστα
169 2755 344 2842 ’σύμπαντοι
364 2764 468 2825 ταῦτα
488 2762 534 2836 είς
553 2753 777 2844 ἐβδομήκοντα
794 2761 878 2841 μνᾶς
894 2777 1003 2839 παρα-

33 2850 267 2920 Ὶδεδάκασιν.
280 2853 380 2922 καλ
345 2881 383 2923 το
405 2855 466 2942 μὲν
484 2855 665 2941 κεφάλαιον
685 2880 754 2923 των
775 2851 1001 2975 ἀδικημάτων,

59 2973 103 3025 ως
114 2973 157 3013 οιν
169 2950 391 3035 συντομώτατ’
411 2961 499 3020 είποι
516 2964 580 3070 τις,
601 2961 682 3021 τούτ
685 2951 820 3073 ’ἔστιν,
841 2978 866 3018 ω
855 2944 1003 3035 ἄνδρες

58 3049 224 3113 δικασταί·
196 3052 276 3115 το
261 3045 321 3116 δὲ
332 3055 508 3144 πληδος
468 3074 527 3136 της
537 3045 688 3128 ονσίας
667 3075 718 3119 οτι
727 3074 808 3117 τουτ
832 3072 877 3135 ην
885 3044 923 3113 τδ
940 3071 1003 3114 κα·

57 3145 255 3230 τιιλειφδὲν,
276 3147 422 3230 μέγιστοι
432 3146 493 3231 μέν
503 3145 598 3225 αὐτοὶ
615 3146 779 3233 μάρτυρές
789 3170 845 3232 μοι
860 3143 1002 3231 γεγόνα-

58 3260 126 3310 σιν·
139 3252 166 3318 (ε
167 3247 196 3320 ίς
209 3239 275 3329 γάρ
295 3240 359 3327 τήν
377 3250 564 3330 συμμορίαν
580 3241 663 3332 ὑπὲρ
679 3247 761 3330 ἐμοῦ
779 3241 1000 3324 συνετάξαντο

56 3338 138 3407 κατὰ
151 3339 210 3418 τὰς
226 3343 323 3407 πέντε
339 3340 394 3407 καὶ
404 3348 508 3409 εἴκοσι
519 3348 604 3428 μνᾶς
623 3346 840 3420 πεντακοσίας
856 3340 1000 3427 δραχμάς

58 3432 239 3524 εἰσφέρειν,
252 3435 395 3523 ὅσονπερ
410 3438 573 3523 Τιμόθεος
583 3435 769 3518 ὁΚόνωνος
782 3440 837 3506 καί
848 3442 883 3506 ολ
890 3435 930 3504 τὰ
940 3439 999 3521 μέ-
