2318 3894
120 219 183 284 ιιι
282 266 284 271 ,
317 222 415 280 xxw.
436 218 848 280 Aflmomzvom
891 183 904 193 ’

93 555 100 567 ,
122 504 179 546 ειν.
210 477 300 564 οἶμαι
316 477 465 557 ἅπαντας
481 472 526 560 άμ
542 474 630 562 ὑμᾶς
640 474 842 562 ὁμολογήσαι
853 483 923 547 δελν
933 476 993 546 τόν
1004 477 1064 565 όρ-

121 584 192 656 θῶς
210 581 325 663 ἔχοντα
341 576 447 662 νόμον
464 576 520 643 καί
536 580 704 651 συνοίσειν
714 577 875 660 μέλλοντα
886 582 932 665 τῷ
941 577 1065 662 πλήθει

119 676 323 762 πρῶτονμὲν
333 671 444 752 ἁπλοῦς
453 675 507 742 καί
517 680 598 739 πάσι
607 679 780 758 γνωρίμως
790 673 998 758 γεγράφθαι,
1009 676 1064 741 καί
1081 669 1084 672 ’

118 770 163 862 μή
176 768 223 862 τῷ
233 775 294 858 μὲν
307 770 392 841 εἶναι
400 773 494 840 ταυτὶ
505 772 579 854 περὶ
589 768 694 838 αὐτοῦ
702 777 861 855 νομίζειν,
878 778 925 858 τῷ
936 769 972 839 δὲ
982 797 1064 844 ταυ-

119 876 156 938 τί.
180 869 275 939 ἔπειτ’
289 868 374 938 εἶναι
384 868 528 949 δυνατάς
538 866 597 948 τάς
607 866 755 955 πράξεις,
774 865 813 947 όίς
824 871 875 935 δελ
889 875 1062 953 γίγνεσθαι

118 963 175 1043 διά4
185 976 246 1056 τοῦ
258 968 381 1054 νόμου·
404 973 435 1036 εί
443 966 507 1052 γάρ
518 959 562 1034 αὖ
574 973 683 1046 καλῶς
692 965 753 1052 μὲν
764 970 848 1052 ἔχοι,
860 963 905 1051 μὴ
917 965 1060 1035 δυνατόν

22 1118 28 1128 .
119 1067 197 1132 δέτι
207 1065 340 1150 φράζοι,
362 1063 476 1150 εὐχῆς,
499 1060 541 1132 ού
552 1065 661 1149 νόμον
671 1061 886 1150 διαπράττοιτ’
900 1059 941 1132 άν
951 1069 1056 1150 ἔργον.

77 1160 202 1249 69πρδς
224 1163 260 1232 δὲ
280 1161 409 1242 τούτοις
430 1164 546 1249 μηδενί
565 1169 634 1230 τῶν
654 1159 861 1259 ἀδικούντων
878 1165 1060 1245 φαίνεσθαι
1118 1217 1122 1226 .

117 1265 281 1381 μηδεμίαν
298 1261 436 1329 διδόντα
457 1260 642 1350 ῥᾳστώνην.
681 1266 712 1328 εί
730 1257 794 1345 γάρ
815 1258 994 1345 δημοτικόν
1014 1285 1062 1339 τις

118 1354 280 1451 ὑπείληφε
295 1355 333 1428 τό
344 1359 472 1453 πράρνς
488 1357 573 1427 εἶναι
589 1358 667 1438 τούς
688 1360 826 1442 νόμους,
849 1363 914 1423 τίσι
934 1356 1062 1437 τούτοις

44 1526 53 1541 ,
118 1462 385 1543 προσεξεταζέτω,
399 1458 525 1545 κάνπερ
537 1455 981 1569 ὀρθῶςβούληταισιίοπεῖν,
1006 1452 1063 1523 εύ-

119 1554 214 1639 ρήσει
230 1569 295 1632 τοῐς
313 1562 486 1641 κρίνεσθαι
501 1555 693 1635 μέλλουσιν,
717 1545 759 1614 ού
775 1563 843 1627 τοις
855 1552 1063 1637 ἐξεληλεγμέ-

119 1678 203 1730 νοις·
225 1656 261 1717 ίν
277 1650 392 1734 μὲν
353 1668 417 1732 γαρ
427 1661 495 1724 τοϊς
505 1645 641 1733 άδηλον
640 1653 673 1714 εί
679 1670 727 1723 τις
742 1643 804 1712 ἔστ’
815 1644 874 1714 άδί
859 1653 936 1725 ίκως
947 1652 1064 1736 διαβε-

118 1749 287 1833 βλημένος,
299 1758 366 1820 τοις
377 1746 413 1808 δὲ
423 1739 501 1807 ουδε
512 1740 611 1824 λοχος
621 1741 809 1810 λείπεται
776 1769 813 1811 το
832 1743 876 1830 μή
895 1743 937 1812 ού
954 1771 1062 1833 πονη-

77 1858 188 1926 ιοροτς
209 1839 299 1907 είναι.
333 1837 461 1903 τούτων
480 1830 645 1905 τοίνυν
618 1865 667 1906 ων
687 1833 887 1926 διεξελήλυθ’
910 1840 974 1926 ίχω
994 1852 1063 1911 νῦν

117 1934 222 2006 οὐδ’
205 1959 320 2004 οτιουν
331 1959 428 2012 ουτος
439 1933 666 2024 ἔχωνονομος
683 1939 881 2025 φανήσεται,
900 1938 1060 2009 τάναντία

116 2031 148 2102 δ’
161 2036 232 2120 ἑξῆς
243 2031 360 2098 πάντα.
386 2033 596 2119 πολλαχόθεν
614 2030 728 2121 μὲν
685 2061 749 2104 ουν
762 2037 804 2104 άν
815 2063 863 2115 τις
878 2041 945 2122 ἔχοι
959 2047 1059 2106 τοῦτο

116 2130 294 2211 διδάσκειν,
306 2126 444 2213 μάλιστα
455 2131 559 2200 δὲτδν
570 2134 676 2219 νόμον
685 2132 790 2202 αὐτόν
800 2131 840 2202 ὃν
856 2137 986 2203 τέθεικε
1007 2127 1060 2203 δι-
1069 2157 1121 2212 723

116 2225 227 2312 εξιωίι.Ι
244 2233 312 2294 ἔστι
322 2226 436 2314 χάρού
446 2227 483 2298 τὸ
496 2229 557 2317 μὲν
568 2230 673 2303 αὐτοῦ
683 2240 792 2311 καλοῖς
803 2238 966 2318 κείμενον,
973 2230 1011 2299 τό
1022 2232 1059 2301 δὲ

113 2323 429 2413 ήμαρτημόνον,άλλ’
438 2327 516 2409 ὅλος
527 2333 560 2411 ἐξ
569 2329 681 2419 ιἰρχής,
689 2328 754 2399 άπδ
767 2339 825 2417 τής
835 2330 965 2415 πραότης
976 2339 1061 2399 ονλ-

72 2449 105 2506 ⁴11
114 2428 218 2509 λαβῆς
234 2428 327 2509 μέχρι
342 2433 401 2511 τῆς
415 2435 618 2512 τελευταίας,
637 2426 685 2514 ἐφ’
700 2426 779 2515 ύμῖν
789 2442 901 2497 κεῖται.
933 2428 1014 2516 λαβὲ
1025 2425 1057 2496 δ’

114 2517 226 2598 πδτοίς
237 2518 299 2607 τήν
309 2521 444 2608 γραφήν
455 2521 574 2610 αὐτήν,
598 2529 760 2611 καὶμέχρι
777 2533 838 2592 τοῦ
855 2525 989 2609 πρότου
998 2528 1058 2610 μί-

115 2643 195 2703 ρους
212 2616 385 2702 άνάμνωθι
401 2615 462 2686 τόν
480 2620 599 2706 νόμον·
624 2625 728 2710 ῥᾷστα
743 2621 807 2706 γάρ
825 2619 931 2700 οὕτως
948 2623 1057 2707 ἐνιότε

114 2716 235 2795 διδάξω
245 2717 300 2782 καὶ
311 2713 403 2801 ὑμεῖς
414 2715 599 2805 μαθήσεσθ’
611 2717 633 2786 ά
643 2724 737 2803 λέγω.

486 2877 674 2940 ΝΟΜΟΣ.
793 2890 797 2898 ’

199 2998 332 3087 [Ἐπ’
295 3029 346 3083 της
362 3009 560 3083 Πανδιονίδος
575 3005 690 3112 πράτης
705 3015 880 3093 πρυτανείας
895 3002 1054 3114 δωδεκάτη,

156 3094 215 3150 τῶν
236 3088 431 3191 προέδρων’
417 3087 598 3171 επεψήφισεν
614 3085 804 3198 Ἀριστοκλής
821 3092 1054 3178 Μυρρινούσιος,

160 3168 341 3255 Τιμοκράτης
352 3169 423 3250 εἷπε,
445 3174 537 3235 καί”
508 3198 532 3237 ει
542 3198 600 3237 τινι
610 3182 669 3239 τῶν
680 3169 895 3280 ὀφειλόντων
866 3202 906 3240 τω
925 3182 1054 3280 δημοσίω

155 3257 375 3353 προστετίμηται
397 3249 473 3317 κατά
488 3253 592 3336 νόμον
596 3253 620 3360 ή
633 3255 707 3322 κατά
717 3258 866 3364 ψήφισμα
876 3240 1012 3340 δεσμοῦ”
992 3288 1011 3341 η
1023 3256 1055 3323 τὸ

54 3401 57 3408 ,
128 3377 129 3381 1
156 3330 259 3434 λοιιιδμ
269 3344 472 3423 προστιμηθῇ,
490 3336 620 3404 εἶναι’
582 3349 662 3426 αυτῷ
676 3369 696 3423 η
691 3339 792 3453 άλλω
802 3339 876 3427 υιιὲρ
887 3344 998 3408 ἐκείνου
1011 3345 1056 3426 ἕη-

125 3428 131 3437 ’
155 3410 265 3500 χνητάς
277 3426 475 3504 καταστῆσαι]
