2318 3894
316 245 484 335 Ιηερε
503 245 801 309 οοΡΜειεΝΑ.
898 213 906 232 ’
982 246 1046 314 εστ

100 432 138 494 γε
153 414 292 481 τοσοῦτο
311 394 450 492 χρυσίον
466 401 685 491 άποδιδόντα,
717 407 774 474 καὶ
790 407 891 475 πλέον
906 416 968 476 τοῦ
984 411 1044 478 δα-

99 514 289 593 νείσματος,
302 504 501 590 περιβόητον
513 517 622 593 πριελν
631 506 670 571 ἐν
679 511 727 592 τῷ
736 506 897 594 ἐμπορίῳ,
915 509 970 573 καὶ
981 532 1046 575 πα-

100 612 256 692 ρακαλεῖν
274 603 399 681 πάντας
414 599 635 686 άνθρσόπους,
657 609 791 685 πρῶτον
808 605 844 669 δὲ
863 599 926 669 τόν
946 609 1045 673 παῖδα

57 729 92 782 30
99 700 158 770 τόν
169 701 293 770 τούτου
303 701 359 777 nul
368 698 429 768 τδν
440 699 623 768 κοινωνόν·
645 709 714 768 ίστε
729 697 793 785 γὰρ
806 699 915 785 δήπου
926 701 1046 780 πάντες

98 799 150 870 ὅτι
172 805 376 879 δανείζονται
397 801 458 884 μὲν
478 810 536 883 μετ
535 795 679 883 ’ὀλίγων
694 797 890 884 μαρτύρων,
911 795 994 867 ὅταν
1011 799 1044 867 δ
1051 802 1057 808 “

48 934 67 971 ε
99 897 291 984 ἀποδιδῶσι,
303 897 446 974 πολλοὺς
456 903 675 1015 παρίστανται
689 896 875 982 μάρτυρας,
892 902 926 966 ἵν
925 894 1047 967 ’ἐπιει-

40 1012 167 1077 κείς
184 1001 329 1072 δοκῶσιν
344 993 429 1063 εἶναι
445 991 573 1077 περὶ
536 1021 576 1061 τα
593 994 789 1080 συμβόλαια.
819 993 915 1063 παλδ’
928 990 1107 1065 ἄποδα-916

99 1094 199 1166 δοντι
202 1121 238 1162 το
232 1092 425 1162 τεδανειον
433 1095 489 1160 καὶ
497 1089 953 1179 τουςτοκουςαμῳοτέρους,
937 1120 1047 1180 ετερο-

99 1195 190 1283 πλόῳ
201 1220 246 1283 τῳ
232 1190 406 1281 άργυρίῳ
419 1193 620 1281 κεχρημένῳ,
616 1191 693 1258 καί
714 1194 927 1277 προστιθέντι
938 1193 1048 1276 ἑτέρας
1081 1222 1084 1227 ·
1134 1217 1137 1222 ·

98 1308 185 1379 τρεῖς
194 1297 248 1362 καί
255 1296 333 1361 δέκα
344 1299 439 1380 μνᾶς,
446 1297 517 1370 πῶς
527 1288 600 1375 οὐχί
610 1292 753 1369 πολλοὺς
762 1284 807 1376 ἦν
816 1295 1047 1376 παραληπτέον

12 1385 14 1389 ’
55 1452 57 1456 ⁴
98 1395 286 1479 μάρτυρας;
308 1393 404 1461 natet
390 1398 491 1459 ίτοδτ
489 1385 668 1477 ’ἔπραξας,
687 1387 799 1457 οὕδ’”
777 1418 820 1458 αν
831 1388 877 1471 εἷς
887 1397 950 1459 σου
961 1400 1046 1477 μαλ

55 1519 86 1572 ςι
99 1502 159 1560 λον
175 1499 243 1573 τῶν
260 1490 431 1559 πλεόντων
448 1489 677 1576 ἐθαυμάζετο.
694 1487 738 1557 σύ
755 1487 788 1556 δ’
801 1486 875 1559 ἀντὶ
890 1515 951 1557 του
936 1495 1046 1558 πολ-

98 1591 179 1670 λοὺς
188 1590 358 1687 μάρτυρας
372 1590 504 1658 τούτου
520 1598 690 1658 ποιεῖσθαι
707 1588 832 1666 πάντας
843 1585 1046 1671 ἀνθρώπους
1090 1656 1095 1666 ,

97 1689 280 1758 λανθάνειν
299 1682 434 1775 ἐπειρῶ,
452 1687 563 1775 οἵσπερ
582 1686 708 1755 ’ἀδικῶν
724 1714 763 1755 τι
798 1690 895 1757 καὶεί
903 1689 1046 1808 μὲνίμῳί

97 1816 143 1877 τῳ
128 1792 251 1857 δανεί
236 1796 345 1857 ίσαντι
358 1785 551 1872 ἀπεδίδους,
568 1785 669 1856 οὐδὲν
686 1791 752 1854 ἔδει
769 1785 963 1873 μαρτύρων
984 1783 1046 1872 τὴν

95 1886 163 1972 γάρ
174 1883 374 1972 συγγραφὴν
389 1884 591 2006 ἀνελόμενος
607 1874 755 2008 άκηλλαξ
756 1881 831 1953 σάν
846 1910 907 1953 του
893 1891 1047 1970 συμβι-

98 1993 210 2053 λαίου·
233 1982 343 2051 νύνδ
357 2008 420 2049 ουκ
432 1985 519 2067 ἐμοὶ
538 1981 636 2050 ἀλλ”
619 1986 719 2070 ετέρῳ
735 1980 819 2068 ὑπὲρ
836 1982 1046 2069 ἑμοῦάποδι-

99 2084 194 2171 δοδς,
216 2086 271 2151 καὶ
288 2080 351 2151 οάκ
366 2079 563 2208 Ἀθηνησιν,
588 2078 655 2149 ἄλλ’
669 2085 707 2154 ἐν
716 2080 896 2168 Βοσπόρῳ,
917 2083 972 2147 καὶ
988 2089 1046 2164 τῆς

98 2191 295 2269 συγγραφῆς
306 2204 359 2249 σοι
371 2184 522 2266 κειμένης
529 2178 691 2265 Ἀθήνησι
702 2182 757 2246 καὶ
769 2177 853 2264 πρὸς
863 2181 935 2264 ἐμὲ,
952 2170 1046 2245 καὶ
1016 2203 1043 2265 ῳ
1102 2188 1106 2195 ’

31 2327 37 2335 -
90 2280 135 2347 ’τὸ
152 2287 290 2366 χρυσίον
307 2277 518 2356 άπεδίδονς”
499 2304 595 2357 οντος
614 2285 746 2364 θνητοῦ
758 2279 818 2346 καί
833 2281 974 2361 πέλαγος
990 2301 1048 2344 το-

99 2386 223 2446 σοῦτον
232 2382 409 2465 μέλλοντος
420 2385 525 2461 πλεῖν,
536 2378 689 2462 μάρτυρα
700 2374 808 2446 οὐδέν’
820 2375 1028 2462 ἐποιησω,”
985 2399 1048 2443 ου·

56 2503 90 2556 32
98 2502 134 2545 τε
145 2475 324 2545 δοῦλον”
280 2504 342 2546 ουτ
341 2473 598 2559 ’ἐλεύθερονΡ
577 2502 676 2563 ηγαρ
686 2477 865 2562 συγγραῳη
875 2500 933 2561 με,
954 2477 1046 2595 φησί,

36 2633 39 2639 .
98 2602 143 2662 τῳ
162 2576 348 2664 ναυκλήρῳ
357 2578 512 2647 ἐκέλευεν
526 2573 712 2643 ἀποδοῦναι
726 2601 763 2642 το
754 2575 926 2662 χρυσίον
960 2573 1048 2658 μάρ-

64 2700 78 2723 ·
98 2701 201 2761 τυρας
217 2676 255 2742 δέ
270 2699 321 2743 τοι
336 2670 399 2742 σόκ
418 2674 544 2741 ἐκόλυε
555 2663 775 2759 παρακαλεῖν,
796 2668 933 2741 οὐδὲ
896 2697 955 2749 τας
975 2673 1048 2748 ἐπι-

99 2773 217 2852 στολάς
235 2772 428 2842 ἀποδοῦναι
451 2775 508 2843 καὶ
521 2776 591 2841 οἵδε
607 2773 689 2858 μὲν
678 2771 762 2858 πρὸς
774 2791 798 2840 σ
798 2770 887 2840 ὲδόο
899 2788 1048 2855 συγγρα-

98 2872 165 2956 φάς
182 2873 379 2956 ἐποιήσαντο
396 2871 480 2956 ὑπὲρ
497 2881 560 2940 τοῦ
578 2879 798 2958 συμβολαίου,
821 2896 869 2988 ῳς
885 2864 928 2936 άν
940 2866 1028 2935 oc'
982 2893 1048 2952 μα-

98 2967 182 3038 λιστ’
196 2967 427 3049 ἀπιστοῦντες
445 2973 488 3037 συ
505 2972 543 3038 δὲ
560 2973 665 3056 μόνος
677 2970 770 3089 μόνῳ
786 2964 854 3054 φῂς
870 2970 990 3032 δοῦναι
1000 2988 1046 3049 τῳ

97 3067 275 3154 ναυκληρῳ
285 3094 322 3136 το
312 3069 515 3188 χρυσίον,ε
499 3068 596 3147 ίδῳς
606 3093 690 3135 κατα
699 3088 764 3133 σου
750 3066 938 3148 κειμένην
943 3027 1048 3145 Ἀθό-

97 3189 174 3254 νησι
185 3189 385 3253 συγγραφηυ
394 3191 478 3252 προς
488 3191 617 3232 τουτον
1132 3240 1140 3247 ,

55 3293 90 3346 33
181 3270 277 3352 Λέγει
294 3263 366 3334 6’‘
342 3263 423 3352 ωςὴ
443 3261 618 3382 σνγγραῳη
635 3266 798 3346 σωθείσης
815 3284 874 3383 της
890 3252 1025 3337 πός’
983 3282 1046 3324 αν-

98 3390 158 3432 τον
169 3362 356 3432 αποδουναι
367 3362 495 3432 κελευει
504 3390 546 3430 τα
556 3387 713 3450 χρηματα
743 3359 847 3429 καὶ
808 3384 873 3446 γαρ
885 3361 1052 3427 ἐνθέσθαι·

99 3459 332 3548 ταγορασματα
343 3460 436 3541 είς
400 3488 463 3548 την
473 3487 563 3530 ναυν
573 3461 698 3529 κελευει
708 3459 844 3546 σε,είδε
854 3482 910 3543 μη,
922 3478 1045 3523 πεντα-
1103 3534 1106 3540 ¹
