2318 3894
184 232 328 297 ΚΑΤΑ
347 234 830 309 ΑΡΙΣΤΟΓΕΙΤΟΝΟΣ
846 240 888 299 Α.
949 239 1011 303 291

62 419 143 473 νοος
158 397 225 463 ἐστὶ
234 408 302 473 τοῖς
313 391 697 479 ἐκείνομςάπολωλεκόσι
710 398 815 479 δῆλον
825 394 876 464 ότι
886 399 941 471 καὶ
951 398 1013 470 νό-
1057 442 1062 457 .

61 517 135 579 μοις
156 492 210 560 καὶ
231 497 378 581 πολιτεία
397 497 439 579 τῇ
460 489 604 559 τούτων·
626 496 658 559 εί
678 491 715 560 δὲ
736 496 864 579 μηδένα
883 496 1012 563 κρότων

61 589 231 674 ὑπόλογον
246 603 400 675 ποιεῖται,
422 585 528 674 ἡδέως
544 584 587 657 ἀν
607 591 730 675 εἰδείην
744 597 793 669 τίς
809 593 899 659 ἐστιν
916 589 934 660 ὁ
951 592 1013 678 την

61 688 144 773 πρὸς
159 685 239 765 τοὺς
253 683 515 772 γονέαςεὺνοιαν
531 683 624 771 ὁρτῐν
634 688 869 771 προδεδωκότα
879 697 1010 778 τοῦτον,

67 783 110 872 ἢν
121 782 208 871 πρός
223 783 283 852 τόν
298 788 405 871 δῆμον
419 790 485 853 νῦν
495 789 581 870 ἔχειν
590 781 808 872 ὑπισχνεῖται,
830 789 1010 859 πιστεύων·

63 882 128 968 ἐγώ
145 883 206 970 μὲν
221 879 286 968 γάρ
302 880 442 949 ἄπιστον
451 883 506 949 καί
517 890 610 959 θεοῖς
620 882 759 969 ἐχθρὸν,
780 881 822 951 οά
832 883 1011 970 μόνονάν-

61 982 226 1065 θρώποις,
248 976 475 1066 ὑπολαμβάνω
494 974 556 1045 τόν
575 985 643 1045 τοῖν
664 984 792 1064 γονέων
812 977 1007 1066 ἀμελοῦντα.

17 1092 50 1146 67
61 1074 143 1146 ἀλλά
161 1076 202 1164 νὴ
215 1083 282 1146 Δία
298 1074 350 1145 ότι
364 1073 424 1153 τάς
439 1077 591 1155 ἐνδείξεις
607 1072 711 1145 αὑτοῦ
726 1085 1008 1165 κατεψηφίσασθε,

62 1176 116 1242 καί
133 1177 182 1252 δὶς
198 1180 243 1252 είς
258 1172 295 1242 τό
313 1171 537 1258 δεσμωτήριον
552 1177 738 1245 κατέθεσθε
753 1176 809 1243 καὶ
830 1173 934 1243 αὐτόν
952 1179 1009 1244 καὶ

60 1270 121 1337 τὸν
138 1268 301 1355 ἀδελφόν,
323 1267 377 1337 διά
394 1267 495 1337 ταῦθ’
509 1268 589 1356 ὑμῖν
599 1269 720 1357 εὔνοος
730 1275 826 1340 ἐστίν.
859 1269 942 1341 ἀλλά
954 1275 1010 1341 καὶ

59 1366 149 1435 τοῦτ’
168 1367 301 1448 ἀτοπον.
330 1364 407 1436 ἀλλ’
428 1366 1010 1457 ὅτιτὴνάρχήυῆνἔλαχενάκεδοκι-

59 1466 198 1551 μάσοτω
220 1463 293 1534 ἀλλ’
312 1463 363 1536 ὅτι
378 1467 583 1555 παρανόμων
597 1465 702 1537 αὑτοῦ
713 1471 910 1553 κατέγνωτει
932 1466 1006 1537 ἀλλ’

58 1563 108 1632 ότι
118 1569 215 1647 πέντε
225 1565 397 1634 ταλάντων
406 1564 680 1654 προσετιμήσατει
700 1563 774 1637 ἀλλ’
786 1563 837 1637 ὅτι
847 1570 1009 1640 δακτυλο-
1073 1640 1079 1646 ,

59 1669 209 1731 δεικτεϊτε
219 1666 271 1732 ἐπὶ
281 1671 329 1754 τό
339 1664 566 1752 πονηρότατον
575 1673 644 1733 τόν
654 1664 763 1735 όντων
772 1662 930 1735 ἀπόντων
940 1669 1009 1734 δει-

14 1783 50 1840 eg
59 1788 196 1842 κνοναι
220 1760 294 1830 ἀλλ’
316 1761 456 1833 ὅτιτῶν
475 1761 694 1850 ὑπαρχόντων
709 1764 824 1851 νόμων
839 1764 895 1835 καὶ
912 1772 1009 1841 πολο-

58 1867 144 1938 τείος
165 1860 334 1946 μενόντων
355 1860 418 1930 οάιι
438 1869 490 1930 ἔνι
511 1889 580 1931 των
601 1869 747 1951 αίσχρων
766 1859 856 1985 αὐτῷ
878 1861 1008 1935 τούτων
1052 1869 1058 1879 ’

58 1956 300 2045 ἀπαλλαγῆναι;
322 1956 406 2028 ἀλλά
428 1959 482 2029 διὰ
501 1967 537 2029 τί
553 1959 636 2048 ὑμίν
651 1952 748 2040 οὗτος
765 1961 885 2040 εὑνοος
901 1966 1007 2041 ἐστίνε

57 2055 124 2141 ότι,
143 2058 261 2142 φησὶν,
273 2053 517 2143 ἀνοιδήςίστιν.
550 2055 614 2126 ὁδ’
627 2056 1009 2145 ἀναιδηςίιιτίνοςάνο·

57 2155 170 2240 μάσδη
187 2180 256 2220 των
272 2153 383 2221 ἀλλων
399 2152 514 2222 ἀλλ”“
492 2184 513 2241 η
531 2155 612 2224 όταν
629 2153 669 2225 τά
687 2156 769 2243 μήτε
785 2157 866 2225 όντα
876 2155 952 2242 μήτ’
965 2151 1008 2222 ἀν

55 2251 218 2337 γενόμενα
234 2257 344 2316 ταῦτα
355 2258 460 2340 τολμμ
470 2254 577 2336 λέγειν
595 2251 637 2320 δι’
651 2251 903 2339 ἀναισχυντίαν,
926 2252 1008 2336 ὅπερ

56 2374 156 2425 ουτος
166 2362 269 2428 ποιει
908 2401 913 2407 .

12 2476 47 2530 59
135 2444 298 2532 Ηγονμαι
308 2453 423 2515 τοίνυν
432 2450 488 2515 και
498 2449 574 2535 περι
583 2475 640 2534 της
651 2446 868 2532 ἐνδείξεως,“
845 2473 934 2535 αμοι
942 2472 1008 2522 πο-

56 2550 225 2626 ραλείπειν
242 2548 314 2624 ἒδοξ
298 2548 554 2632 ξεΛνκοδργος,
574 2548 706 2632 βέλτιον
722 2544 805 2615 εἶναι
821 2545 905 2629 πρὸς
919 2542 1067 2633 ὑμᾶ6791

56 2648 169 2711 εἰπεῖν.
210 2639 274 2727 ἐγδ
296 2640 360 2730 γάρ
382 2642 472 2730 οἶμαι
488 2649 559 2713 δείν
578 2641 664 2729 ὑμεῖς
680 2642 792 2729 ὥσπερ
808 2638 852 2711 ἀν
868 2649 899 2713 εί
912 2646 1006 2735 χρέος

57 2745 221 2808 ἐσκοπεῖτο
233 2746 336 2825 ίδιον,
352 2739 458 2820 οὑτως
469 2741 617 2822 ίξετάσαι
626 2745 812 2821 τοῦτονκαὶ
822 2739 862 2809 τά
872 2743 1007 2817 τουτονὶ

57 2845 119 2907 τοὺ
134 2838 262 2922 ἀγῶνος
278 2843 395 2907 δίκαια.
429 2846 460 2908 εί
474 2847 591 2908 τοίνυν
601 2836 881 2925 τιςόφείλειντιν’
893 2836 1006 2926 ᾐτιᾶτο

56 2935 221 3021 χρήματα,
242 2934 465 3024 όδήρνεϊτο,
486 2944 517 3007 εί
525 2938 586 3024 μὲν
595 2941 772 3025 ἐφαίνοντο
784 2941 821 3011 αῖ
827 2962 863 3004 τε
874 2944 1006 3022 συνθῆ-

56 3060 113 3101 και
129 3031 211 3102 καθ’
228 3031 268 3115 ἀς
283 3039 472 3105 ἐδανείσατο
489 3047 637 3123 κείμενοι
652 3038 706 3105 καὶ
723 3039 757 3103 σί
771 3037 922 3111 τεθέντες
932 3030 1005 3118 ὅροι

55 3132 242 3220 ἑστηκότες,
264 3131 325 3202 τόν
334 3133 544 3220 ἀρνούμενον
554 3130 686 3221 ἡγεῖσθ’
699 3128 744 3201 ἀν
754 3130 874 3217 ἀναιδῆ
885 3135 1005 3217 δηλον-

54 3231 121 3316 ότι,
144 3237 175 3298 εί
190 3229 221 3299 δ’
242 3230 432 3321 ἀνῃρημένα
449 3239 569 3319 ταῦτα,
590 3229 651 3301 τόν
675 3235 893 3318 ἐγκαλοῦντα·
916 3227 1004 3299 οὑτω

10 3341 43 3394 70
52 3336 156 3396 ταῦτα
170 3333 328 3415 πέφυκεν.
363 3333 425 3400 εἰσὶ
441 3337 558 3401 τοίνυν
568 3322 870 3425 εἶνἈριστογείτων
879 3326 1005 3414 ὀφείλει

51 3435 92 3514 τῇ
110 3427 205 3495 πόλει
224 3436 393 3514 συνθῆκαι
411 3429 473 3514 μὲν
489 3434 524 3499 οί
532 3429 640 3516 νόμοι,
650 3425 731 3499 καθ’
745 3425 1005 3578 οῧειέζίθᾶφθν·
