2318 3894
295 229 436 295 KATA
456 231 859 301 ΑΝΔΡΟΤΙΩΝΟΣ.
976 240 1051 306 ’139

48 413 168 476 μαι,
181 388 404 477 διεπράττετο,
418 410 462 457 συ
450 388 508 460 δὲ
518 400 560 480 τη·
569 402 696 461 σαυτοῦ
708 407 884 487 προπετείᾳ
896 404 952 469 καί
960 411 1050 485 θρα-

95 485 215 574 σύτητι
225 486 340 574 λαβών
350 490 464 568 ἕξουσί
461 516 504 556 αν
521 488 611 559 πόλλ’
625 489 840 578 ἀνηλωκότας
852 503 898 575 είς
914 524 976 583 την
985 501 1050 568 πό

88 592 154 653 λιν
174 583 379 671 ἀνθρώπους
398 589 454 655 καί
482 596 545 655 σοῦ
565 596 715 675 βελτίους
735 594 791 660 καί
812 596 848 661 ἐκ
870 597 1110 681 βελτιόνωνδῐδ

94 688 236 764 ψευδέσι
246 687 302 751 καὶ
318 693 470 769 χαλεποῖς
488 684 690 756 ὀνείδεσιυ”
661 713 731 777 μου
742 693 814 757 δεῖν
824 693 1046 780 περιβάλλειν.

56 779 168 863 ςςεῖτα
177 778 274 850 ταῦθ
288 773 381 852 οὗτοι
392 793 577 853 πεισθῶσιν
587 783 729 872 δπὲρ“
687 797 800 856 αυτῶν
812 810 848 859 σε
858 805 982 877 ποιεῖν,
992 797 1048 914 ufai

93 878 137 948 τά
148 905 210 966 της
218 887 279 967 σης
289 877 510 968 ἀναισθησίας
520 886 576 953 καί
592 893 753 972 πονηρίας
770 893 850 975 ἔργα
861 887 912 977 ἐφ’
922 889 1048 973 αὐτούς

95 976 337 1058 ἀναδέξανταις
365 979 449 1048 ἀλλὰ
467 997 575 1067 μισεῖν
590 986 797 1071 δικαιότερον
818 989 872 1056 διά
887 991 992 1058 ταῦτά
1009 1011 1047 1058 σε

95 1072 328 1201 δφείλουσινη
340 1079 466 1158 σώζειν.
498 1079 559 1147 τδν
574 1077 639 1165 γάρ
651 1080 736 1170 ὑπὲρ
746 1083 871 1165 πόλεως
882 1088 1048 1171 πράττον-

94 1177 136 1244 τά
158 1203 191 1243 τι
211 1174 316 1244 δεῖ
280 1202 319 1244 το
340 1185 398 1264 τῆς
413 1178 543 1258 πόλεως
558 1171 644 1265 ἦθος
661 1191 842 1302 μιμεῖσθαι,
860 1211 903 1251 κα
904 1185 1048 1264 ίσώζειυ

94 1270 176 1365 υμῖν
185 1298 266 1353 τους
276 1301 464 1360 τοιουτους,
486 1303 512 1344 α
501 1269 672 1363 ἀνδρες’
668 1287 850 1367 Αθηναῖοι,
876 1282 1046 1366 προσήκει,

93 1375 149 1441 καί
167 1386 278 1460 μισεῖν
293 1373 372 1454 τοδς
390 1367 585 1459 οἷόσπερ
543 1400 649 1453 ουτος.
684 1375 730 1455 ώς
746 1379 852 1444 ἐκεῖνο
871 1379 1048 1464 εἰδύσιμδν

95 1471 232 1560 ίσως,’
211 1499 302 1560 ομώς
320 1476 447 1556 δὲέρῶ·
471 1471 608 1552 οποίους
619 1500 718 1553 ,τινας
728 1502 774 1542 αν
784 1474 982 1561 φαίνησθε
963 1503 1047 1562 αγα·

93 1578 223 1650 πῶντες
233 1574 288 1640 καὶ
300 1573 468 1656 σώζοντες,
479 1573 610 1651 τούτοις
620 1570 729 1658 ὅμοιοι
741 1569 840 1652 δόξετ’
854 1571 947 1641 εἶναι.
1108 1578 1111 1583 ’

59 1687 88 1748 65
169 1667 242 1737 Ὅτι
257 1676 374 1739 τοίνυν
391 1671 476 1750 ὅλως
493 1669 572 1739 οὐδὲ
588 1672 649 1758 τὴν
660 1676 829 1757 εἴσπραξιν
840 1669 946 1759 αύτην
956 1671 1050 1758 ὑπὲρ·

92 1765 190 1855 ὑμῶν
199 1776 384 1856 πεποίηται,
396 1773 560 1838 καὶτοῦτο
572 1767 690 1839 αύτίκά
701 1767 740 1856 δη
752 1770 840 1856 μάλα
851 1767 930 1858 ὑμῖν
942 1770 1060 1857 δῆλον

94 1860 234 1954 ποιήσω.
263 1872 293 1936 εί
302 1866 367 1953 γάρ
379 1894 426 1946 τις
438 1874 543 1951 ἔροιτο
562 1867 666 1937 αὐτὸν
675 1869 809 1955 πότεροι
820 1867 910 1960 αύτῷ
921 1874 1044 1938 δοκοῦ-

94 1984 148 2034 σιν
159 1962 289 2033 ἀδικεῖν
299 1973 426 2050 μάλλον
435 1964 496 2053 την
506 1966 658 2051 πάλιν,οί
667 1976 891 2054 γεωργοῦντες
902 1971 957 2037 καί
968 1993 1044 2053 φει-

95 2063 248 2151 δύμεναι,
270 2060 324 2130 διά
347 2068 583 2152 παιδοτροφίας
600 2066 635 2134 δδ
650 2068 706 2134 καί
723 2071 827 2134 οἰκεῖα
843 2063 1043 2152 ἀναλώματα

93 2162 147 2230 καί
158 2168 366 2247 λειτουργίας
377 2163 487 2245 ἑτέρας
497 2164 721 2241 ἐλλελοιπότες
732 2161 910 2248 εἰσφοράν,
928 2159 995 2248 ἢοί
1001 2165 1042 2231 τά

65 2258 73 2277 ’“
93 2266 159 2327 τῶν
174 2258 413 2343 ἐθελησάντων
433 2265 632 2344 είσενεγκεῖν
648 2260 796 2344 χρήματα
817 2261 873 2326 καὶ
893 2257 932 2325 τά
953 2260 1042 2344 παρὰ

93 2365 159 2426 τῶν
169 2359 355 2444 συμμάχων
365 2360 562 2436 κλέπτοντες
573 2359 627 2425 καὶ
639 2354 854 2437 ἀπολλύντες,
866 2352 929 2422 οὐκ
941 2351 1043 2436 ἀνείς

94 2463 192 2526 τοῦτο
213 2456 335 2543 τόλμης
353 2457 473 2543 δήπου,
485 2463 605 2543 καίπερ
624 2451 672 2523 ών
687 2451 837 2539 ἀναιδής,
844 2456 939 2521 ἔλθοι
958 2450 1042 2523 ώστε

39 2585 42 2590 ·
96 2562 200 2641 φῆσαι
210 2554 291 2633 τούς
302 2553 343 2621 τά
352 2555 481 2622 ἑαυτῶν
492 2553 536 2641 μὴ
553 2557 767 2641 εἰσφέροντας
776 2559 904 2637 μάλλον
915 2549 1049 2622 ἀδικεῖν·

66 2648 116 2739 6ίῆ
126 2651 257 2732 τοδςτδ
269 2653 364 2722 κοινά
382 2651 660 2740 ὑφαιρουμένους.
693 2658 782 2731 τίνος
797 2643 861 2718 οὖν
877 2654 989 2735 ἕνεκα,
1012 2645 1041 2718 ώ

97 2752 246 2839 βδελυρὲ,
259 2755 342 2820 ἐτῶν
353 2751 463 2822 ὄντων
473 2755 637 2822 πλειόνων
646 2748 669 2839 ἢ
679 2751 857 2837 τριάκοντα
873 2747 928 2836 ἀφ’
943 2741 987 2818 οὗ
998 2748 1041 2817 σύ

98 2849 262 2919 πολιτεύει
268 2900 278 2935 ,
295 2854 351 2919 καί
362 2855 400 2921 ἐν
414 2853 523 2942 τούτῳ
540 2860 586 2942 τῷ
598 2850 707 2938 χρόνῳ
724 2859 858 2920 πολλῶν
868 2850 930 2936 μὲν
940 2871 1041 2935 στρα-

96 2959 205 3035 τηγῶν
215 2947 425 3036 ἠδικηκότων
434 2949 497 3038 τὴν
506 2950 616 3035 πόλιν,
634 2956 767 3016 πολλῶν
778 2952 813 3016 δὲ
825 2947 992 3035 ρητόρων,
1010 2953 1044 3016 οἳ

98 3046 182 3131 παρά
199 3051 346 3116 τουτοισί
361 3054 543 3134 κέκρινται,
561 3041 611 3116 ών
628 3051 661 3115 οί
676 3046 737 3132 μὲν
752 3053 914 3113 τεθνᾶσιν
932 3041 980 3130 ἐφ’
993 3041 1042 3137 οἷς

98 3141 243 3231 ἠδίκουν,
254 3151 290 3214 οί
298 3151 318 3214 δ
322 3142 611 3234 ’ὑποχωρήσαντες
619 3145 815 3231 φεύγουσιν,
824 3142 960 3223 ούδενὸς
970 3143 1043 3211 πώ-

99 3266 170 3311 ποτε
188 3243 371 3330 ἐξητάσθης
388 3246 586 3332 κατήγορος,
608 3242 682 3313 οὐδ’
701 3242 900 3329 ἀγανακτῶν
922 3242 1102 3328 ώφθης614

100 3336 178 3426 ὑπὲρ
191 3335 274 3429 ώνὴ
288 3344 383 3422 πόλις
393 3344 528 3429 πάσχοι,
548 3342 653 3422 οὕτως
665 3340 714 3409 ών
724 3341 856 3427 θρασύς
866 3343 921 3409 καὶ
932 3342 1041 3423 λέγειν

72 3438 217 3528 ῖῖδεινδς,
236 3437 306 3508 ἀλλ’
318 3439 451 3509 ἐνταῦθ’
465 3441 589 3527 ἐφάνης
599 3439 753 3528 κηδεμών
766 3436 830 3524 ῶν,
855 3430 899 3505 ού
909 3456 946 3503 σε
957 3441 1041 3502 πολ-
