2318 3894
232 197 235 204 ¹
299 213 857 312 κκυΑτιΜοαΡΑτοεε.
984 246 1047 312 τω
1102 311 1108 315 ,
1154 317 1157 323 ,

47 435 49 438 ’
99 438 159 480 κεν
168 409 293 479 ἅπασιν
303 412 455 478 ἐναντίον
467 406 511 486 ῶς
519 412 596 485 ἔπος
604 412 708 474 εἰπεῖν
715 423 783 486 τοῖς
791 401 897 493 οὖσιν,
909 405 950 475 06
961 430 1048 492 παρ-

102 506 287 594 αναγνοὺς,
296 504 467 592 οὕλόσας,
485 504 527 573 οὐ
539 505 618 582 δοὺς
629 508 766 591 αἵρεσιν,
784 503 847 572 οὐκ
859 504 938 572 άλλο
949 503 1047 590 ποιή-

101 628 160 686 σας
172 604 271 674 οὐδὲν
281 613 351 672 τῶν
360 603 606 691 προσηκόντων.

57 744 92 798 39
181 716 310 803 Ὡςμὲν
321 711 384 786 οὖν
396 723 507 803 ἔνοχος
522 723 561 804 τῇ
578 721 690 802 γραφῇ
708 720 928 800 καθέστηκεν,
950 717 1047 780 ἐναν-

100 824 173 884 τίον
186 813 478 901 εἰσενηνοχῶςτοῑς
489 807 565 882 οῶσι
575 814 705 898 νόμοις,
725 812 814 931 οἶμαι
825 814 950 890 πάντας
960 809 1048 933 ὑμῶς

101 912 329 1001 ᾐσθησθαι·”
313 940 367 981 ινα
379 912 453 981 δ’
440 918 528 1000 ἰδῆτε
540 909 613 998 παρ’
627 915 717 989 οἴους
731 911 854 1030 νόμους
866 902 993 980 οἷον
949 935 1048 1030 οητος

103 1010 310 1097 εἰσήνεγκεν,
339 1009 567 1130 ἀναγνώσεται
595 1015 727 1094 πρῶτον
749 1006 827 1096 ὑμῖν
847 1009 905 1077 τόν
927 1009 1050 1076 τούτου

104 1110 225 1193 νόμον,
250 1106 317 1176 εἶτα
333 1110 413 1189 τούς
429 1110 609 1193 άλλους,ο
591 1100 705 1185 οἷς
662 1133 760 1184 ουτος
781 1111 927 1203 ἐναντίος
950 1094 1048 1175 ἐστίν.

99 1200 341 1323 ’ἀναγίγνωσκε

491 1368 655 1434 ΝΟΜΟΣ.

178 1491 316 1641 ί’”[Επλ
280 1523 331 1578 της
342 1462 540 1574 Πανδιονίδος
557 1494 687 1607 πρῶτης,
706 1492 909 1598 δωδεκάτῃ
872 1520 923 1597 της
939 1519 1050 1579 πρυτα-

147 1583 191 1642 νελ
190 1606 234 1659 ας,
260 1577 442 1663 Τιμοκράτης
463 1579 540 1662 εἶπε,
560 1583 657 1644 καλ’
627 1606 662 1644 ει
668 1606 725 1644 τινι
740 1586 799 1644 τῶν
811 1559 989 1682 ὀφειλόντων
1009 1584 1051 1663 τῶ

147 1666 276 1762 δημοσίω
284 1667 508 1765 προστετίμηται
525 1659 599 1728 κατά
616 1659 739 1746 νόμονη
755 1658 829 1766 κατά
847 1660 993 1768 ηιηφισμα
1004 1641 1051 1726 δέ·

147 1741 295 1824 σμοῦῆτὸ
308 1740 410 1808 λοιπὸν
426 1755 665 1850 προστιμηθη,ε
653 1743 783 1811 ε’ἷναι
746 1753 826 1832 αυτῶ
848 1744 963 1854 ηόιλλῳ
978 1741 1053 1854 ηπδη
1089 1744 1094 1753 ’

150 1828 293 1888 ἐκείνον’
280 1823 420 1930 εγγυητδς
443 1837 621 1934 κατάστησαι
636 1838 688 1895 τοῦ
707 1811 948 1936 όφληματος,
906 1827 957 1905 οὓς
978 1856 1016 1893 αν
1032 1855 1048 1895 ο

151 1913 242 1988 δῆμος
252 1908 458 2016 χειροτονηση,
476 1903 496 1995 ἦ
513 1940 572 1995 μην
590 1915 757 1978 ἐκτίσαντο
774 1940 917 2021 αργυρων
933 1940 948 1979 ο
941 1904 1051 1994 ῶφλε.

150 1990 218 2066 τοδς
230 1992 262 2054 δὲ
271 1975 435 2094 προέδρους
444 1996 664 2079 ἐπιχειροτονεῖν
675 1994 879 2099 ἐπάναγκες,”
864 2023 935 2062 οταν
945 2023 988 2072 τις
999 2022 1053 2060 κα-

150 2071 292 2141 θιστάναι
303 2073 465 2180 βούληται
483 2105 524 2167 την
512 2081 574 2181 66
582 2077 813 2186 καταστήσαντι
817 2075 885 2156 τοὺς
902 2073 1067 2182 ἐγγυητάς,

152 2154 220 2226 ἐῶν
221 2153 355 2244 άποδιδῶ
372 2186 407 2246 τη
394 2143 550 2226 Ἠπόλει
521 2188 554 2225 το
572 2157 718 2264 άργόριον
732 2159 802 2252 ἐφ’
790 2190 812 2228 ω
800 2155 978 2265 κατέστησε
987 2186 1056 2236 τους

153 2238 302 2349 ἐγγυητάς,
313 2239 508 2347 αφεισθαι
468 2271 528 2309 των
539 2249 661 2327 δεσμῶν.
689 2240 742 2309 ἐαν
759 2228 802 2310 δ
807 2238 1051 2350 ηκαταβαλη
1022 2268 1077 2313 το

152 2324 295 2428 άργόριον
307 2355 326 2409 η
339 2319 454 2409 αότδςη
451 2323 505 2392 οἱ
520 2330 761 2412 ἐγγυηταλέπλ
724 2355 776 2431 της
787 2328 891 2409 ἐνάτης
900 2329 1055 2411 πρυτανελ-
1065 2339 1116 2394 713

92 2441 96 2447 ·
133 2427 138 2438 ·
153 2438 196 2492 ας,
207 2404 259 2473 τὸν
270 2409 323 2490 μέν
305 2411 547 2556 νέξεγγυηθέντα
557 2413 711 2493 δεδέσθαι,
725 2420 785 2480 τῶν
801 2412 833 2475 δὲ
844 2413 993 2513 ἐγγυητῶν
1004 2412 1056 2493 δη-

151 2496 221 2576 μοσλ
219 2514 256 2555 αν
207 2492 342 2557 λεῖναι
352 2519 407 2576 την
419 2491 487 2558 οὖσί
485 2519 531 2558 αν.
558 2497 625 2580 περὶ
642 2495 674 2559 δέ
689 2501 749 2558 τῶν
760 2487 969 2598 ῶνουμένων
945 2518 982 2556 τα
971 2489 1058 2597 τέλη

152 2579 202 2642 καλ
212 2583 272 2642 τῶν
282 2579 473 2660 ἐγγυωμένων
483 2580 533 2640 καλ
545 2576 736 2661 ἐκλεγόντων,
753 2579 804 2641 καλ
822 2584 881 2643 τῶν
895 2602 932 2641 τα
920 2571 1057 2685 μισθῶ-

152 2682 222 2764 σιμα
228 2664 440 2766 μισθουμένων
450 2661 549 2724 καλ
508 2686 568 2724 των
578 2663 709 2767 ἐγηυωμέ
707 2684 778 2742 νων,
790 2655 842 2737 τῶς
851 2657 1009 2765 πράξεις
981 2685 1058 2729 ειναι

151 2771 203 2844 τη
174 2744 279 2810 πόλει
291 2740 366 2808 κατά
376 2738 444 2820 τούς
455 2743 563 2846 νόμους
574 2740 641 2848 τοδς
654 2747 815 2849 κειμένους.
841 2741 895 2808 ἐαν
906 2739 936 2807 δ
949 2746 1057 2826 ἐπλτῆς

152 2824 220 2891 ἐνάτ
220 2854 255 2910 ς
271 2832 444 2931 πρυτανείας
460 2824 581 2973 ὄφλῃί
575 2835 628 2892 τοῦ
647 2823 769 2912 ὑστέρου
791 2829 926 2893 ἐνιαυτοῦ
942 2828 989 2891 ἐπλ
986 2833 1058 2910 τῆς

153 2856 295 2992 ἐνάτης,
275 2938 294 2992 η
307 2908 429 2993 δεκάτης
438 2913 613 2995 πρυτανείας
624 2911 784 2993 ἐκτλ.νειν]

66 3062 100 3115 41
179 3048 355 3136 Ἀκηκόατε
367 3051 495 3136 μέντοι]
506 3051 622 3136 νόμον,
634 3050 857 3136 μνημονευετε
868 3047 900 3116 δ
910 3052 942 3129 ἐξ
954 3045 1059 3116 αὐτοῦ

90 3213 96 3224 ,
112 3174 169 3233 μοι
180 3147 384 3234 πρῶτονμὲν
396 3144 433 3214 τὰ
452 3150 507 3216 καὶ
518 3158 552 3217 ελ
557 3174 622 3215 τινι
638 3155 707 3215 τῶν
718 3136 1058 3232 όφειλόντωνδεσμοῶ
1092 3230 1096 3236 .

113 3253 364 3331 προστετίμηται
386 3240 409 3330 6
432 3243 467 3312 ’τδ
492 3244 612 3314 λοιπὸν
632 3254 859 3335 προστιμηθῇ,
881 3241 984 3314 ἔπειθ’
1007 3236 1059 3313 δτι

106 3339 202 3428 πλὴν
221 3345 299 3429 ,περὶ
310 3351 387 3410 τῶν
403 3351 560 3421 τελωνῶν,
572 3347 628 3416 καλ
642 3346 716 3429 περὶ
733 3352 801 3412 τῶν
811 3346 1076 3437 μισθουμένων,·,

116 3443 171 3508 καὶ
182 3439 256 3508 ὅσοι
266 3446 370 3508 ταῦτα
380 3442 579 3528 ἐγγυῶνται,
599 3449 743 3528 χρῆσθαι
759 3440 887 3509 κάεόει
898 3446 945 3524 τῷ
955 3435 1057 3522 νόμρ).
