2318 3894
156 261 221 324 166
330 258 451 323 'xxm
491 254 905 317 ΔΗΜΟΣΘΕΝΟΤΣ
964 318 966 322 .

159 417 318 488 ἁπάντων
335 416 435 500 εἶναι,
457 416 512 483 καὶ
530 413 759 481 πάνταταῦτα
774 419 839 499 ἔχει
853 419 971 491 καλῶς.
1001 417 1103 480 ταῦτα

159 512 274 586 τοίνυν
293 515 423 584 ἅπαντα
439 519 572 590 δικαίως
588 511 677 580 οὕτω
694 513 905 594 διορισθέντα
917 506 1103 591 ὑπόταῑνίξ

159 613 260 701 ἀρχῆς
276 609 575 699 νομοθετησάντων
591 612 717 696 παρέβη
728 608 876 696 γράφων
890 606 927 678 τό
950 607 1104 696 ψήφισμα

159 709 280 780 οὑτοσί.
313 707 492 795 ταῦταμὲν
508 705 548 793 δὴ
569 707 631 775 δύο
650 714 830 794 τηλικαῦτα
840 709 896 776 καὶ
904 713 1045 774 τοιαῦτα
1055 711 1104 774 δι-

157 809 317 894 καστήρια
328 810 383 882 καί
392 806 516 892 νόμιμα
527 810 563 873 ἐκ
573 803 697 885 παντὸς
706 813 768 873 τοῦ
777 806 903 901 χρόνον
918 809 1102 892 παραδεδο-

157 911 239 994 μέγα
251 905 356 985 οὕτως
367 904 510 982 ἀναιδῶς
520 903 802 991 ὑπερπεπήδηκεν.
867 960 869 986 ,

116 1015 150 1070 ⁷4
246 1010 366 1087 Τρίτον
386 1001 417 1072 δ’
440 1005 555 1089 ἕτερον
575 1001 659 1085 πρὸς
680 1003 810 1082 τούτοις
830 1000 1100 1088 δικαστήριον,ο
1085 998 1100 1024 “

158 1104 293 1172 πάντων
305 1101 468 1190 ἆγιοότατα
480 1099 608 1170 τούτων
624 1106 688 1186 ἔχει
704 1102 758 1169 καὶ
774 1097 1085 1187 φρικωδέστατα,·”
1063 1106 1103 1167 αν
1128 1131 1131 1138 ·

154 1212 207 1281 ’τις
222 1200 367 1290 ὁμολογῇ
383 1204 446 1287 μὲν
460 1214 600 1284 κτεῖναι,
624 1199 773 1284 ἐννομυς
789 1197 825 1267 δ
840 1223 889 1284 φη
876 1199 1102 1282 δεδωκέναι

155 1325 256 1369 τουτο
273 1298 304 1368 δ
325 1295 442 1368 ἐστι
408 1325 445 1368 το
462 1301 513 1367 ἐπὶ
529 1303 708 1386 Δελφινίῳ.
741 1301 877 1366 δοκοῦσι
896 1295 963 1381 γάρ
986 1319 1103 1382 μοι,α

156 1398 277 1484 ἄνδρες
298 1397 463 1482 δικασταὶ,
486 1401 619 1481 ζητῆσαι
633 1403 732 1463 τοῦτο
749 1401 881 1479 πρῶτον
898 1390 1059 1463 ἁπάντων
1074 1398 1107 1463 οί

155 1492 380 1581 περὶτούτων
401 1489 544 1578 ἐνάρχῇ
563 1490 604 1558 τὰ
632 1496 743 1560 δίκαια
768 1490 983 1577 ὁρίσαντες,
989 1488 1101 1578 πότερ’

155 1590 278 1660 οὐδένα
299 1591 360 1675 χρη
382 1589 492 1674 φόνον
518 1587 613 1657 ὅσιον
642 1587 726 1658 εἶναι
752 1596 895 1677 νομίζειν
907 1586 942 1679 ἢ
966 1589 1044 1658 τινιὶ
1070 1586 1103 1675 γ’

154 1687 230 1773 ἔσθ’
243 1687 338 1771 ὅσιον
349 1688 540 1773 νομιστέον,
561 1688 765 1774 λογιζόμενοι
776 1687 808 1757 δ’
821 1688 873 1756 ότι
883 1684 1104 1776 μητίριίθρέ-

154 1798 232 1872 δτης
242 1781 432 1862 ἀπεκτονώς
443 1781 617 1869 ὁμολογῶν
626 1793 719 1854 θεῶν
728 1783 1012 1872 δικασταόντυχοδν
1021 1784 1104 1857 ἄπο-

26 1932 35 1960 ,
154 1880 333 1968 φυγγάνει,
355 1888 488 1968 νομίσαι
505 1883 636 1953 δίκαιόν
651 1883 715 1953 τιν’
735 1885 960 1974 εἶναιμόνον·
984 1884 1103 2005 οὐγὰρ

154 1978 197 2051 ἄν
214 1981 254 2049 τό
271 2007 309 2067 γι
323 1987 423 2068 μηί
359 1979 497 2050 δίκαια
514 1981 618 2062 θεοὺς
638 1990 858 2070 ψηφίσασθαι.
891 2011 937 2064 ως
959 1987 997 2053 δὲ
1017 1979 1101 2053 τοῦτ’

155 2080 328 2167 ἐνόμισαν,
349 2079 542 2183 γρόφουσιν
561 2079 625 2167 ἤδη
646 2083 701 2150 καί
717 2086 895 2169 διορίζουσι
911 2090 1030 2168 σαφιός
1048 2078 1102 2168 ἐφ’

111 2198 144 2253 75
154 2174 203 2257 οἷ
214 2175 362 2260 ἐξεῖναι
343 2203 591 2252 αποκτιννυναι
624 2177 698 2250 ἀλλ’
716 2206 777 2266 ουχ
788 2205 886 2261 ουτος
895 2177 1029 2248 ουδδν
1008 2191 1150 2266 amet-64⁵

153 2287 227 2361 λεν,
246 2277 329 2347 ἀλλ’
338 2275 467 2402 ἁπλοῖς,
484 2278 543 2348 ἐόν
559 2306 609 2366 τις
625 2277 801 2367 ἀποκτείνῃ
812 2281 1022 2365 Χαρίδημον,
1040 2273 1103 2351 κᾶν

154 2376 357 2460 δικαίως,”
314 2405 379 2446 καν
390 2373 433 2456 ὡς
444 2378 527 2445 οί’
485 2403 583 2463 νομοι
594 2378 753 2463 διδόασιν,
767 2381 903 2446 ἔκδοτον
914 2389 1009 2445 ποιεί.
1031 2381 1103 2445 καί·

132 2546 136 2551 ,
154 2501 204 2542 τοι
217 2474 570 2559 πᾶσίν.είσιπρόγμασι
580 2479 635 2541 καὶ
646 2476 757 2559 λόγοις
772 2475 836 2543 δύο
853 2482 1062 2561 προσθῆκαι,
1081 2471 1101 2560 ἡ

76 2594 78 2600 ·
152 2580 215 2638 τοῦ
234 2575 364 2638 δικαίου
380 2572 435 2637 καὶ
451 2569 583 2638 α’δίκου·
605 2568 645 2649 δς
661 2571 729 2659 ἅμα
745 2575 808 2658 μὲν
824 2572 862 2641 τὸ
872 2569 955 2640 αὐτὸ
967 2580 1101 2660 πρᾶγμα

152 2664 251 2733 οὐδὲν
264 2662 307 2735 ι’ἶν
321 2665 457 2733 δύναιτο
468 2680 558 2752 σχεῖν
567 2667 646 2737 οὐδὲ
657 2669 755 2755 λόγος
766 2669 875 2748 οὐδείς
889 2676 976 2757 (παῖς
985 2668 1051 2756 γὰρ
1060 2665 1102 2738 ἂν

152 2767 262 2831 δίκαια
280 2763 348 2851 ἅμα
364 2761 467 2831 ταύτό
477 2766 532 2833 καὶ
541 2764 586 2852 μὴ
598 2770 725 2851 γένοιτο
733 2781 755 2849 3)
776 2766 838 2854 τὴν
850 2769 965 2851 ἑτέραν
977 2763 1011 2835 δ’
1023 2769 1101 2837 ἕκα-

153 2881 233 2927 στον
244 2864 318 2946 ἔχον
331 2861 549 2949 δοκιμάζεται,
568 2860 633 2932 κόν
642 2868 704 2949 μὲν
714 2864 776 2952 τὴν
787 2864 906 2935 ἄδικον
916 2873 1026 2954 φανῇ,
1039 2890 1101 2935 πο-

150 2955 257 3046 κηρόν
266 2966 421 3046 κρίνεται,
435 2956 479 3028 όν
490 2961 525 3031 δὲ
535 2960 597 3049 τὴν
608 2966 755 3049 δικαίαν,
766 2963 926 3086 χρηστόν
917 2967 973 3033 καὶ
985 2965 1101 3036 καλόν.

148 3057 194 3124 σι)
206 3065 322 3126 τοίνυν
331 3057 509 3145 ουδετίραν
520 3064 730 3147 προσέθηκας
740 3062 884 3146 τούτων,
904 3063 947 3131 ἄν
957 3090 1006 3143 τις
1015 3062 1102 3133 αἰπο-

149 3160 261 3242 κτείνη
271 3182 425 3240 γραφων
437 3156 532 3226 ἀλλ”
514 3158 677 3242 αοριστον
675 3159 834 3228 είιτων
793 3187 898 3247 αυτην
908 3187 973 3248 την
980 3167 1101 3248 αίτίαυ,

149 3252 205 3320 καὶ
225 3277 306 3338 μετα
327 3252 420 3321 ταυτ’
444 3254 549 3334 εὐθὺς
570 3258 785 3343 προσγραυας
806 3258 978 3346 αγοόγιμον
1002 3259 1101 3345 είναι,

56 3395 70 3423 .
149 3355 262 3430 τρίτον
277 3354 367 3419 τουτὶ
378 3355 701 3442 δικαστήριονκαὶ
664 3385 704 3425 τα
716 3359 837 3426 τούτου
854 3357 979 3444 νόμιμα
990 3382 1104 3442 παρα-

148 3448 296 3536 βεβηκώς
306 3456 368 3534 φαί
365 3475 424 3519 νει.
