2318 3894
307 259 448 321 ΠΡΟΣ
465 258 578 331 ΖΗΝ
582 249 799 321 ΟΘΕΜΙΝ
970 254 1032 320 ³67

93 415 174 502 νεῶς,
185 447 219 505 ης
191 411 416 524 Ἡγέστρατος
428 418 609 525 ἐναυκλήρει.
624 414 821 522 Ἡγέστρατος
833 417 864 480 δὲ
876 418 927 480 καί
940 411 1051 526 Ζηνό-

93 514 194 607 θεμις,
205 500 278 585 πρὸς
288 499 324 565 όν
328 498 444 604 ἐστινή
454 497 649 605 παραγραφή,
671 505 886 564 Μασσαλιῶται
896 494 975 582 μὲν
957 522 1035 605 ησαν

93 612 125 651 το
115 582 229 669 γένος,
232 581 434 691 κακούργημα
444 585 477 648 δὲ
485 592 618 649 τοιοῦτον
628 586 660 647 ἐν
669 581 875 686 Συρακρόσαις
893 582 1033 667 ἐκακούρ-

92 690 202 753 γησαν,
222 665 261 744 ὡς
279 694 295 732 ο
283 665 407 772 ’ῥήτωρ
419 671 517 750 φησίν.
491 670 637 731 νέδανεί
636 685 723 730 σαντο
733 663 880 767 χρήματα,
902 675 993 732 ταῦτα
1004 667 1035 732 δὲ
1042 669 1090 725 881

50 764 57 777 “
93 757 133 828 είς
143 747 237 833 μὲν
206 778 261 833 την
270 759 345 816 ναῦν
355 748 411 816 οὐκ
422 752 570 854 ἐνέθεντο,
588 747 754 834 λαθρηιε
699 750 730 813 δὲ
741 743 821 824 είς
790 772 844 829 την
855 753 1035 814 Μασσαλίαν

56 856 60 863 ’
93 830 279 938 απίστειλαν,
305 827 498 918 ἀποστερῆσαι
519 831 586 907 τούς
604 836 791 907 δανείσαντας
806 835 1034 938 βεβουλευμένοι.

95 912 238 1020 ἐπειδή
204 943 304 1001 γαρ
273 918 287 980 ἕ
285 918 444 1019 γίγραπτο
440 917 472 978 ἐν
481 940 522 1020 ττμ
509 919 701 1018 συμβολαίφ
735 919 761 979 εί
777 913 872 979 παθοι
882 912 939 1000 τιή
952 923 1033 996 ναός,

94 996 134 1106 μή
151 996 341 1065 ἆπαιτεῑσθοιι
358 993 464 1102 αότοδς
479 977 516 1061 τδι
532 995 678 1103 χρήματα,
678 941 857 1075 ῳἔσκέψαντο
874 1003 1036 1062 καταδῦσαι

93 1083 148 1164 τήν
158 1091 242 1147 ναῦν
271 1080 387 1166 νύκτωρ
402 1106 456 1145 ουν
472 1082 504 1144 ἐν
518 1104 559 1168 τφ
546 1087 645 1166 πλῷ
655 1076 834 1144 κατελθῶνὸ
845 1077 1036 1181 Ηγέστρμτος

95 1169 227 1230 διέκοπτε
241 1191 293 1229 του
280 1172 415 1230 πλοίου
432 1158 463 1226 τό
488 1144 605 1265 ἔδαφος.
618 1144 787 1246 φωραθεὶς
804 1164 836 1227 δὲ
852 1165 902 1225 καλ
918 1160 1036 1266 φεύγων

94 1244 161 1322 τοὺς
178 1244 314 1352 ίπιβατας
330 1253 371 1324 είς
388 1241 444 1327 τήν
464 1244 620 1311 θαλασσαν
635 1250 773 1309 εἰσπίπτει
795 1248 846 1310 καί
861 1253 1037 1354 παραχρῆμα

95 1327 296 1396 ἆπόλλυται.
284 1357 300 1395 ο
312 1335 413 1395 τοίνυν
421 1324 619 1431 Ζηνόθεμις,
607 1354 623 1392 ο
634 1325 788 1432 κοινωνος,
808 1326 846 1403 ὥς
856 1348 947 1410 φησιν
957 1329 972 1397 5
984 1326 1035 1434 (ιή-

94 1441 168 1517 τωρ,
179 1438 231 1476 του
218 1409 443 1499 Ηγεστρατου
437 1457 446 1491 ,
458 1409 540 1494 μόλις
551 1415 700 1514 σωθείσης
707 1406 761 1486 εἰς’
756 1409 928 1516 Αθήνας
892 1437 943 1493 της
954 1439 1040 1493 νεως,

94 1493 270 1580 ἠμφισβήτει
285 1505 338 1561 τοῦ
353 1500 490 1574 σίτου,λ
492 1496 566 1587 ίγῳν
583 1490 700 1558 εἶναι
673 1519 724 1558 τον
739 1503 820 1558 σῖτον
830 1490 1035 1597 Ἡγεστράτου,

96 1584 207 1644 ἐκεῖνον
218 1581 249 1644 δὲ
259 1604 319 1663 παρ
317 1575 444 1644 ’ἑαυτοῦ
461 1568 648 1642 δεδανεισθαι
658 1600 797 1680 χρηματα
825 1574 988 1644 ἐνσταντων
1005 1581 1037 1644 δὲ

96 1689 175 1750 αυτιμ
186 1670 238 1728 τοῦ
247 1689 277 1727 τε
286 1660 413 1772 Πρωτομ
429 1664 479 1726 καί
489 1685 541 1725 του
528 1658 697 1742 Δήμωνος
701 1655 885 1766 αμφοτὲροις
897 1663 981 1763 ἔλαχε
991 1667 1035 1726 δί-

95 1775 151 1828 κην
157 1727 330 1830 ἐμπορικήν.
353 1773 404 1810 και
420 1739 471 1854 τδρ
482 1750 608 1828 Πρῶτον
619 1745 648 1820 ἐξ
659 1739 765 1847 ἐρήμης
778 1742 850 1810 ἔλων
850 1741 1021 1849 ἓκόντα,’
999 1772 1036 1847 ρος

96 1850 169 1931 φησι
187 1831 395 1930 Δημοσθένης,
413 1830 464 1891 καὶ
474 1849 773 1930 συγκακουργονντμ,
796 1825 903 1911 εἰσαγει
919 1823 1037 1893 καὶτὸν

97 1909 230 2012 Δήμωνα
244 1909 381 2012 δεύτερον
398 1904 482 1984 είς
454 1934 485 1972 το
504 1905 745 2008 δικαστήριον.
733 1937 749 1976 ο
767 1912 798 1974 δὲ
813 1910 1037 2017 παραγράφεται

97 1988 137 2097 μή
148 2019 161 2057 ε
163 1989 351 2093 ίσαγιόγιμον
354 1986 470 2055 εἶναι
439 2015 493 2093 την
509 1994 604 2070 δίκην,
621 1987 713 2072 νόμον
729 1991 920 2096 παρεχόμενος
930 1992 981 2059 τὸν
992 1999 1036 2058 δι·

98 2076 187 2143 δόντα
202 2084 262 2150 τοῖς
278 2068 458 2159 ἐμπόροις
427 2098 479 2147 τας
496 2077 579 2148 δίκας
590 2070 667 2137 εἶναι
681 2077 747 2157 περὶ
762 2082 821 2139 τῶν
827 2071 970 2158 Ἀθήναζε
986 2080 1037 2139 καλ

98 2167 156 2222 των
174 2153 345 2259 Ἀθήνηθεν
366 2159 564 2261 συμβολαίων·
603 2160 722 2263 Ζήνοθέ
720 2160 836 2261 μιδιδί
857 2177 929 2239 φησι
947 2160 1038 2239 μηδὲν

100 2239 336 2344 συμβόλαιον
287 2237 362 2303 εἶναι
371 2237 444 2341 πρὸς
454 2232 551 2301 αὐτόν.
574 2237 647 2301 κοιλε
636 2264 652 2304 ο
663 2235 745 2320 μὲν’
727 2236 808 2325 αγιόν
819 2243 878 2303 ἐστι
885 2265 1036 2325 παραγρα-

99 2347 201 2403 φικος,
219 2350 235 2388 ο
253 2322 284 2385 δὲ
300 2320 399 2405 λόγος,
417 2317 455 2397 ὡς
471 2326 523 2400 Ιτῆς
539 2314 711 2397 εὖθνδικίας
721 2321 949 2468 τοῦπράγματος
960 2327 1036 2427 είση-

98 2402 272 2511 γμένης,’
237 2430 327 2481 ουτως
343 2407 454 2507 εἴρηται
469 2402 545 2506 περὶ
551 2408 603 2466 τοῦ
620 2399 661 2508 μή
678 2406 877 2512 Ζηνοθέμιδος
892 2403 1014 2469 εἶναι
987 2431 1038 2471 τον

99 2498 194 2592 σιτον,
213 2482 287 2553 αλλὰ
302 2513 353 2552 του
340 2484 500 2572 Πρώτου,
517 2510 544 2591 γι
555 2512 571 2551 ο
559 2479 718 2591 ’Δήμων
706 2483 871 2552 ε’δανεισε
843 2513 875 2553 το
886 2484 1037 2573 ἆργόριον.

98 2597 132 2636 ου
148 2567 205 2655 γδρ
221 2568 372 2676 βρόλεται
372 2574 472 2635 δοκεῖν
488 2572 595 2672 ρηματι
615 2576 669 2635 τοῦ
683 2567 775 2653 νόμον
791 2568 882 2677 μόνον
900 2575 1037 2657 ἰσχυρίζε-

98 2662 171 2720 σθαι
181 2650 255 2720 κατδι
267 2651 298 2719 τὸ
311 2661 433 2739 πρᾶγμα
444 2647 565 2735 αδικαῖν,
578 2647 652 2717 ἆλλδι
663 2650 841 2718 δείκνυσιν’
822 2681 860 2730 ως
870 2664 980 2762 θαρρεῖ
985 2656 1039 2759 μλν
1046 2673 1098 2730 882

98 2741 147 2801 καλ
156 2745 193 2885 ήή
204 2734 313 2826 εὖθεία,
332 2741 365 2803 ἐκ
374 2745 542 2824 περιουσίας
559 2731 638 2802 δὲ’
601 2762 681 2824 αντηο
668 2740 743 2802 καί
751 2738 951 2823 παραγραφὴν
961 2734 977 2804 5
988 2737 1036 2834 νό-

98 2844 150 2898 μος
191 2826 269 2885 δωσι.

483 2947 648 2960 m

899 2996 917 3031 0

69 3097 76 3109 .
173 3043 310 3129 Ανδρες
322 3051 469 3116 δικασταί
475 3048 660 3136 βουλομαι
671 3053 982 3136 παραγεγραμμενος
991 3077 1034 3137 μη

92 3232 99 3244 ,
98 3141 317 3230 είσαγοίγιμον
334 3140 463 3212 εἶναι
423 3171 488 3230 την
504 3151 599 3247 δίκην
616 3149 772 3232 περὶτῶν
782 3146 895 3232 νόμων
905 3152 1037 3234 πρῶτον

99 3247 212 3325 εἰπεῖν,
225 3240 300 3310 καθ’
311 3238 370 3321 οδς
381 3222 651 3363 παρεγραδιιίμην.
674 3245 764 3312 οί’
723 3272 821 3331 νομοι
832 3243 1035 3329 κελεύουσιν,

98 3366 125 3406 ω
113 3332 262 3427 ανδρες
283 3343 447 3426 δικασταὶ,
470 3337 529 3420 τολς
544 3347 637 3421 δίκας
654 3342 736 3411 εἶναι
753 3358 823 3422 τοῖς
838 3342 1036 3430 ναυκλήροις

97 3438 152 3504 καί
167 3452 234 3517 τοῖς
251 3438 406 3526 ἐμπόροις
420 3445 488 3507 τοδν
507 3435 666 3526 Ἀθήναζε
688 3442 744 3509 καὶ
763 3449 830 3508 τοῖν
848 3439 1037 3527 Ἀθήνηθεν
1092 3482 1095 3487 -
