2318 3894
31 259 38 266 ·
74 260 80 287 ι
118 229 181 293 164
314 232 409 291 xxm.
447 227 862 314 ΛΗΜΟΣΘΕΝΟῬΣ

113 387 267 510 Ὀρέστῃ
264 393 298 456 οἱ
314 388 443 456 δύδεκα
459 394 543 456 θεοί.
522 385 678 455 ίκαλ
642 413 681 454 τα
692 386 754 472 μὲν
765 385 807 473 δή
818 387 941 461 παλαιὰ
952 397 1066 478 ταῦτα,

22 522 44 568 .·
116 514 157 556 τα
145 485 251 554 δ
226 509 382 610 υστερον·
405 494 503 554 τούτο
521 486 628 573 μόνον
644 482 681 552 τό
701 486 914 574 δικαστήριον
924 485 1051 575 ουχὶ
1010 516 1070 557 τυ-

118 596 254 672 ρανυος,
279 585 341 653 ούκ
358 585 544 671 ὀλιγαρχία,
565 609 608 651 ου
597 580 827 704 ’δημοκρατία
848 582 907 664 τάς
928 583 1117 671 φονικάςσλι

118 689 210 764 δίκας
223 686 404 769 ἀφελέσθαι
414 683 657 768 τετόλμηκεν,
642 677 725 748 ἀλλά
735 680 857 758 πάντες
867 678 1069 752 ἀσθενέστε-

118 808 180 867 ρον
191 778 234 851 ἀν
244 805 281 847 το
272 779 423 848 δίκαιον
434 775 717 865 εὑρεϊνήγούνται
733 781 807 864 περὶ
825 779 956 848 τούτων
975 780 1068 850 αὐτοὶ

116 877 276 960 τοῦπαρὰ
288 880 418 957 τούτοις
429 875 615 965 εὑρημένου
626 880 764 961 δικαίου.
797 874 880 961 πρός
891 877 929 944 δὲ
938 879 1068 958 τούτοις

116 977 278 1054 τοιούτοις
295 969 408 1061 οὖσιν,
432 977 580 1043 ἐνταῦθα
596 974 702 1060 μόνον
719 970 828 1050 οὐδεὶς
845 972 1069 1043 πύποτεοῦτε

118 1073 254 1159 φεύγων
280 1072 383 1153 ἁλούς
409 1072 485 1141 ούτε
508 1072 639 1140 δωόκων
659 1068 811 1156 ἡττηθεὶς
831 1072 1004 1157 ἐξήλεγξεν
1024 1071 1067 1152 τός

75 1184 108 1240 67
118 1172 238 1251 ἀδίκως
249 1174 409 1259 ἐδικάσθη
421 1173 459 1240 τά
471 1172 639 1256 κριθέντα.
666 1169 791 1254 ταύτην
800 1176 916 1237 τοίνυν
926 1168 989 1255 τήν
1001 1197 1066 1254 φν-

117 1272 222 1357 λακὴν
239 1273 294 1341 καὶ
310 1271 368 1350 τάς
385 1274 422 1339 έν
431 1268 535 1357 ταύτῃ
545 1274 704 1355 νομίμους
715 1278 870 1352 τιμωρίας
882 1264 1064 1356 παραβάςὸ

117 1369 260 1455 γράφων
275 1368 311 1439 τό
332 1369 485 1456 ψήφισμα
500 1368 571 1435 τοδὶ
582 1372 676 1447 ζῶντι
686 1364 747 1449 μέν
758 1368 1066 1450 έξονσίανγέγραφε

117 1493 163 1556 τρι
152 1469 354 1554 Χαριδήμῳ
366 1465 504 1538 ποιείνό
514 1492 545 1533 τι
555 1459 599 1531 ἀν
609 1463 784 1549 βούληται,
807 1462 978 1542 παθόντος
989 1464 1028 1530 δέ
1035 1487 1066 1529 τι

117 1579 185 1643 τοις
195 1571 326 1642 οίκειοις
337 1572 564 1649 συκοφαντιαν
575 1563 727 1628 δέδωκεν
751 1563 920 1642 σκέψασθε
931 1587 997 1657 γαρ
1009 1587 1068 1629 ου-

117 1667 206 1728 τωσί
235 1670 303 1730 ίστε
321 1661 429 1747 δήπου
439 1659 539 1728 τουθ
551 1654 709 1743 ἅπαντες,
732 1684 782 1727 οτι
791 1656 842 1727 έν
837 1664 948 1748 Αρειω
960 1659 1067 1748 πάγῳ,

118 1784 159 1827 ου
148 1751 334 1827 δίδωσιν’
320 1759 451 1846 ονόμος
462 1762 517 1827 καλ
528 1759 657 1827 κελεύει
669 1765 730 1826 τού
743 1758 853 1842 φόνου
865 1757 1067 1841 δικάζεσθαι,

118 1880 251 1940 πρωτον
266 1883 327 1941 μεν
344 1861 502 1944 διομειται
518 1883 580 1924 κατ
584 1853 807 1936 ’ἐξωλείας
766 1881 872 1924 αυτου
857 1857 938 1924 καὶ
949 1860 1068 1940 γένους

118 1955 173 2020 καὶ
194 1958 245 2020 oen
247 1952 338 2031 ίας”
318 1980 335 2021 ο
359 1981 431 2022 τινα
450 1954 644 2041 αίτιωμενος
661 1954 836 2039 εἰργάσθαι
853 1981 884 2021 τι
901 1963 1066 2038 τοιοῦτον,

76 2063 109 2118 68
120 2047 176 2119 εἶτ
191 2024 315 2118 ουδὲ
279 2078 340 2120 τον
349 2079 491 2139 τνχουτα
503 2080 555 2120 τιν
581 2079 685 2139 ορκον
695 2078 816 2119 τουτον
826 2052 974 2137 ποιτσει
992 2049 1063 2120 ἀλλ’

119 2147 160 2215 ὃν
171 2145 311 2228 ούδεις”
290 2171 432 2272 ρμνυσιυ
442 2148 527 2237 ὑπὲρ
538 2147 677 2229 ούδευδς
692 2149 813 2233 ἀλλον,
835 2147 914 2239 στὰς
929 2151 983 2217 ἐπὶ
1000 2175 1067 2217 των

118 2254 241 2332 τομίων
262 2249 394 2336 κάπρου
414 2253 469 2318 καὶ
490 2258 590 2337 κριού
610 2251 665 2318 καὶ
685 2249 828 2335 ταύρου,
861 2232 1066 2317 καὶτούτων

118 2349 336 2432 ἐσφαγμένων
356 2346 416 2434 ὑφ’
438 2341 487 2416 τόν
504 2353 553 2416 δεῖ
570 2351 625 2417 καὶ
640 2350 678 2416 ἐν
696 2343 746 2426 αἷς
761 2344 896 2433 ἡμέραις
913 2346 1066 2435 καθήκει,

120 2443 203 2512 ὥστε
220 2448 275 2514 καὶ
291 2450 327 2515 έκ
344 2455 406 2513 τοῦ
423 2446 548 2538 χρόνον
565 2447 620 2514 καὶ
631 2447 667 2512 έκ
678 2440 1066 2539 τῶυμεταχειριζομέύων

118 2542 224 2628 ἅπαν,
243 2543 326 2612 ὅσον
342 2543 419 2611 ἔσθ’
441 2543 552 2633 ὅσιον,
571 2549 770 2627 πεπρᾶχθαι.
802 2544 857 2610 καλ
867 2541 948 2627 μετὰ
964 2550 1066 2609 ταῦτα

117 2635 135 2704 ὁ
157 2638 216 2707 τὸν
236 2645 389 2707 τοιοῦτον
409 2637 512 2723 ὅρκον
532 2637 713 2726 ὀμωμοκώς
735 2637 829 2707 ούπω
845 2646 1066 2724 πεπίστευται,

117 2732 191 2801 ἀλλ’
209 2731 268 2801 έάν
283 2738 458 2822 ἐξελεγχθῇ
474 2735 518 2822 μὴ
536 2738 643 2822 λέγων
664 2737 791 2826 ἀληθῆ,
812 2735 874 2824 τήν
895 2739 1068 2824 ἐπιορκίαν

117 2829 381 2921 ἀπενεγκάμενος
400 2847 467 2912 τοϊς
487 2832 592 2915 αὑτοῦ
613 2840 706 2907 παισὶ
726 2839 781 2907 καλ
797 2843 842 2927 τῷ
859 2837 955 2922 γένει,
967 2839 1067 2905 πλέον

74 2937 108 2992 69
118 2927 328 2999 οὐδ’·ὁτιοῦν
345 2933 416 3012 ἔξει.
450 2929 494 3000 ἀν
512 2936 547 3005 δὲ
565 2937 644 3024 δόξῃ
660 2935 700 3005 τά
719 2940 828 3017 δίκαια
844 2937 996 3021 έγκαλελν
1012 2934 1068 3003 καλ

115 3029 174 3116 έλῃ
185 3025 244 3097 τόν
256 3030 436 3119 δεδρακότα
446 3040 507 3099 τοῦ
518 3035 638 3120 μόνον,
650 3027 722 3101 οὐδ’
732 3032 820 3101 οὕτω
830 3032 946 3116 κύριος
955 3039 1070 3118 γίγνε-
1093 3068 1104 3081 ··

117 3153 171 3192 ται
183 3127 245 3193 τοῦ
261 3124 415 3215 ἁλόντος,
433 3129 506 3200 ἀλλ’
527 3131 768 3216 έκείνουμὲυολ
778 3130 875 3217 νόμοι
886 3129 998 3212 κύριοι
1005 3155 1070 3198 κο·
1101 3146 1103 3151 “

118 3223 215 3292 λύσαι
231 3226 286 3293 καὶ
302 3221 351 3305 οἷς
361 3233 610 3315 προστέτακται,
628 3236 677 3317 τῷ
687 3227 723 3299 δέ
732 3233 856 3299 ἐπιδεῖν
867 3227 1005 3296 διδόντα
1017 3231 1069 3296 δί-

118 3348 181 3406 κην
197 3325 334 3409 ἔξεστιν,
356 3323 399 3413 ἣν
411 3333 522 3408 έταξεν
535 3325 554 3396 ὁ
566 3327 684 3414 νόμος,
705 3326 914 3411 τδνάλόντα,
938 3331 1025 3414 πέρα
1035 3322 1066 3399 δ’
1076 3340 1117 3399 643

119 3418 218 3497 οὐδέν
228 3420 357 3490 τούτου.
381 3427 435 3493 καὶ
446 3434 493 3512 τῷ
502 3425 563 3511 μὲν
573 3424 726 3496 διύκοντι
736 3425 876 3514 ἀπάρχει
886 3435 1006 3511 ταῦτα,
1018 3431 1067 3518 τῷ
