2318 3894
249 221 391 285 ΚΑΤΑ
427 214 822 325 Τεωοκεκυονε.
945 219 1008 285 εον

14 401 51 454 70
140 376 225 447 Ἀλλ’
240 379 329 466 ὅμως
339 376 475 447 κάκεῖνα
486 381 541 447 καὶ
551 379 630 447 τόδε
640 379 806 464 φήσουσιν
815 374 901 464 όπὲρ
912 378 1009 466 ὑμῶν

60 476 222 563 πράττειν.
244 477 313 545 εἷτα
324 475 420 545 ταῦθ’
433 470 526 563 ὑμεῖς
535 474 740 557 ἀναδέξεσθε
748 475 832 563 ὑπὲρ
843 476 938 564 ὑμῶν
950 503 1019 557 πε-,

30 638 33 643 ⁴
61 583 224 659 πρᾶχθαι,
239 579 292 642 καὶ
308 573 347 642 τά
359 582 416 661 τῆς
426 576 557 644 τούτων
567 575 776 660 θρασύτητος
785 578 840 645 καὶ
851 582 1010 661 πονηρίας

60 677 138 757 ἔργα
156 673 269 757 πράως
287 683 408 754 οίσετες
429 671 511 741 ἀλλά
529 687 637 759 μισεῖν
650 671 797 758 ὀφείλετε
808 671 1010 752 τούςτοιοό-

61 795 154 853 τους,
174 762 525 856 ῶάνδρεςἈθηναῖοι,
548 766 706 857 μάλλονῆ
718 761 842 851 σῶζειν.
876 768 1009 856 τόνγάρ

61 865 145 949 ὑπὲρ
157 875 213 951 τῆς
224 866 349 945 πόλεως
360 869 544 950 πράττοντά
555 888 588 935 τι
597 871 651 935 καὶ
662 869 777 951 πράων
789 867 888 955 ὑμῶν
895 869 1012 948 τευξό-

10 984 48 1036 ,71
61 989 164 1049 μενον
174 960 210 1029 τό
223 971 279 1048 τῆς
291 965 416 1042 πόλεως
424 958 510 1049 ἦθος
519 971 634 1050 ἔχοντα
643 969 694 1033 δεῖ
701 975 888 1051 φαίνεσθαι.
911 975 1009 1034 τοῦτο

61 1060 94 1128 δ’
114 1064 180 1129 ἐστὶ
190 1069 223 1128 τί
228 1091 236 1139 3
253 1060 336 1139 ’τοὺς
348 1060 501 1138 ἀσθενεῖς
513 1065 631 1147 ἐλεεῖν,
652 1078 719 1142 τοῖς
730 1067 939 1150 ίσχνροῖςκαὶ
950 1069 1011 1131 δυ-

26 1190 28 1194 ⁴
64 1160 216 1241 ναμένοις
228 1157 270 1243 μὴ
284 1162 469 1242 ἐπιτρέπειν
480 1155 639 1244 ὑβρίζειν,
658 1157 699 1226 οὐ
710 1158 789 1237 τοὺς
799 1162 859 1244 μὲν
870 1159 1014 1238 πολλοὺς

66 1253 161 1339 ῶμῶς
172 1261 466 1341 μεταχειρίζεσθαι,
484 1256 677 1323 κολακεύειν
689 1255 725 1322 δὲ
735 1254 794 1325 τὸν
806 1256 858 1322 ἀεί
866 1283 897 1322 τι
909 1258 1014 1324 δόνα-

64 1362 145 1419 σθαι
166 1355 340 1440 δοκοῦντα.
379 1350 399 1422 ὃ
422 1350 465 1422 σύ
487 1366 604 1438 ποιεῖς,
629 1345 656 1420 ῶ
679 1354 893 1438 Τιμόκρατες·
927 1352 969 1420 δι’
993 1351 1015 1420 ἃ

63 1458 173 1536 πολλῶ
185 1457 314 1534 μᾶλλον
320 1445 363 1516 ἀν
370 1450 504 1527 είκότως
510 1450 554 1536 μὴ
567 1451 787 1537 ἐθελήσαντες
800 1451 941 1518 ἀκοῦσαι
952 1449 1015 1518 σοῦ

62 1550 214 1616 θάνατον
225 1547 504 1635 καταψηφίσαινθ’
512 1540 605 1617 οὗτοι
621 1544 642 1635 ἦ
651 1546 690 1616 δι’
699 1546 908 1634 Ἀνδροτίων’
919 1547 1014 1634 ἀφεί-

62 1667 156 1733 ησαν.

10 1763 87 1817 172„
140 1744 211 1813 ’Ότι
226 1752 340 1814 τοίνυν
359 1745 437 1815 οὐδὲ
453 1745 513 1834 την
525 1754 693 1833 εἴσπραξιν
704 1746 810 1834 αὐτὴν
821 1746 906 1835 ὑπὲρ
919 1744 1014 1833 ὑμῶν

66 1851 271 1930 πεποίηνται,
284 1847 339 1912 καὶ
349 1843 440 1913 τοῦτ’
456 1844 572 1914 αὐτίκα
583 1846 623 1930 δὴ
636 1847 722 1932 μάλα
733 1845 813 1932 ὑμῖν
825 1851 928 1932 δῆλον
939 1870 1013 1912 ποι-

64 1945 144 2028 ήσω.
168 1948 197 2010 εί
206 1943 328 2027 γάρτις
338 1947 443 2027 ἔροιτο
457 1941 580 2022 αὐτοὺς
590 1944 723 2029 πότεροι
734 1943 845 2023 αὐτοῖς
856 1950 1015 2012 δοκοῦσιν

65 2037 189 2108 ἀδικεῖν
207 2048 333 2126 μᾶλλον
350 2039 411 2125 την
422 2041 535 2126 πόλιν,
559 2045 824 2125 οίγεωργοῶντες
834 2043 888 2109 καὶ
899 2038 1015 2126 φειδό-

65 2164 174 2226 μενοι,
196 2137 250 2204 διὰ
268 2143 504 2222 παιδοτροφίας
520 2140 556 2205 δὲ
572 2141 628 2204 καὶ
638 2144 740 2204 οίκεῖα
752 2137 949 2223 ἀναλώματα
961 2140 1016 2203 καὶ

62 2245 270 2320 ’λειτουργίας
282 2238 392 2320 ἑτέροις
403 2235 624 2313 ἐλλελοιπότες
636 2233 811 2320 εἰσφορὰν,
823 2230 844 2319 ἢ
857 2240 890 2301 ολ
898 2232 937 2301 τά
949 2243 1016 2301 τῶν

67 2335 301 2419 ἐθελησάντων
324 2339 522 2417 εἰσενεγκεῖν
546 2333 694 2418 χρηματα
713 2331 824 2401 καὶτὰ
842 2331 929 2418 παρά
948 2339 1016 2398 τῶν

68 2433 250 2518 συμμάχων
276 2433 473 2510 κλέπτοντες
500 2433 554 2498 καί
576 2428 795 2512 ἀπολλύντες,
824 2425 885 2496 οὐκ
906 2423 950 2495 ἀν
971 2433 1016 2505 είς
1109 2496 1116 2506 ,

66 2539 164 2599 τοῦτο
183 2531 292 2616 δήπου
307 2531 446 2616 τόλμης,
469 2534 586 2616 καίπερ
597 2528 691 2606 ὄντες
702 2525 861 2609 ἀναιδεῖς,
884 2530 1016 2594 ἔλθοιεν
1104 2526 1106 2530 '

68 2627 150 2695 ῶστε
169 2637 272 2714 φῆσαι
289 2627 423 2705 τοόςτά
444 2628 571 2694 ἑαυτῶν
592 2623 636 2713 μὴ
658 2628 869 2711 εἰσφέροντας
889 2631 1015 2711 μᾶλλον

10 2723 191 2798 ιτεάδικεῖν
212 2721 235 2809 η’
256 2723 335 2805 τούς
358 2723 399 2794 τά
420 2723 516 2793 κοινά
538 2722 813 2810 ὑφαιρουμένους.
844 2730 934 2803 τίνος
950 2716 1013 2792 οὖν

70 2820 168 2906 ἕνεκ’,
181 2815 207 2888 ῶ
223 2825 419 2909 Τιμόκρατες
429 2825 485 2892 καὶ
491 2821 699 2909 Ἀνδροτίων,
711 2825 794 2891 ἐτῶν
802 2819 911 2890 ὄντων
923 2830 1009 2888 πλει-

47 2918 50 2923 ’
71 2919 159 2985 όνων
174 2915 196 3003 ἢ
212 2922 386 3003 τριάκοντα
404 2919 465 3007 ἀφ’
482 2913 525 2990 οὗ
541 2920 562 2989 ό
571 2948 610 3007 γε
619 2923 730 3007 ἕτερος
741 2914 836 3006 ὑμῶν
847 2920 1013 2987 πολιτεόε-
1026 2917 1078 2974 ⁷54

69 3044 138 3099 ται,
160 3019 214 3084 καί
235 3022 271 3084 ίν
288 3019 393 3106 τούτῳ
411 3027 456 3107 τῷ
471 3019 579 3106 χρόνῳ
598 3010 738 3086 πολλῶν
747 3021 807 3103 μὲν
825 3023 1017 3102 στρατηγῶν
1123 3053 1128 3059 ·

68 3113 274 3200 ἠδικηκότων
291 3115 354 3200 τὴν
370 3118 485 3200 πόλιν,
505 3125 640 3185 πολλῶν
651 3115 686 3183 δὲ
696 3113 862 3204 ῥητόρων,
886 3120 919 3180 οἳ
927 3138 1016 3199 παρα

68 3215 216 3282 τουτοισὶ
233 3217 416 3299 κέκρινται,
438 3205 486 3282 ῶν
503 3220 537 3282 οί
552 3215 613 3301 μὲν
628 3222 788 3283 τεθνῶσιν
805 3209 858 3298 ἐφ’
877 3206 926 3290 οἷς
942 3209 1018 3297 ἀδί-

68 3339 170 3396 κουν,
192 3316 226 3378 οί
244 3310 275 3394 δ’
294 3309 565 3398 ὑποχωρήσαντες
582 3312 704 3404 η’ίχοντο
722 3312 939 3396 καταγνόντες
954 3307 1017 3376 αὑ-

68 3420 153 3501 τῶν,
182 3406 319 3487 οὐδενὸς
346 3408 476 3479 πῶποτε
503 3412 632 3478 τούτων
652 3409 1017 3556 ίξητάσθιχμχατήγορος
