2318 3894
183 249 327 312 ΚΑΤΑ
347 205 839 312 Αειετοτωιτοωοω
852 252 892 312 A.
945 250 1007 316 ιιι

61 437 134 498 μοις
145 414 320 477 διοικεῖται.
352 407 483 475 τούτων
494 403 559 493 δ’ή
576 405 639 492 μδν
649 407 750 493 φύσις
768 410 857 478 ἐστίν
868 407 1010 480 ύτακτον

60 510 117 578 καὶ
129 505 309 594 ἅνωμαλον
320 507 376 574 καὶ
384 503 581 589 κατ’όνδριι
592 509 679 574 ῖδιον
689 515 751 574 τοῦ
762 512 909 595 ἔχοντος,
932 513 967 577 ολ
975 509 1011 577 δὲ
1028 546 1032 559 ·

60 605 160 692 νόμοι
171 603 288 672 κοινόν
307 604 363 672 καλ
377 604 649 690 τεταγμένονκαλ
665 602 766 673 ταύτό
779 613 889 674 πᾶσιν.
917 604 1011 695 ήμὲν

61 697 126 772 ούν
137 703 254 791 φύσις,
278 697 322 771 όν
338 695 360 791 η’
376 700 522 788 πουηριὶ,
546 702 704 781 τωλλύκις
715 711 829 790 φαῦλα
838 706 1009 792 βούλεται·
1052 742 1057 753 ·

20 826 54 881 16
62 804 177 888 διόπερ
195 798 276 879 τούς
290 800 463 879 τοιούτους
479 800 763 887 ἐξαμαρτάνοντας
780 799 946 890 εὑρήσετε.
979 807 1014 872 οῖ

62 904 98 971 δὲ
119 901 221 986 νόμοι
240 896 278 967 τό
302 902 433 966 δίκαιον
454 896 510 965 καὶ
531 897 569 966 τό
591 895 699 966 καλόν
719 902 774 967 καὶ
789 898 827 968 τό
838 904 1011 988 συμφέρον

13 1050 18 1058 -
62 999 251 1088 βούλονται,
274 998 450 1065 καὶτοῦτο
472 1001 621 1081 ζητοῦσι,
642 997 699 1064 καλ
713 996 853 1066 ,ἐπειδὰν
875 997 1010 1088 εὑρεθῇ,

63 1093 180 1165 κοινόν
189 1101 289 1163 τοῦτο
311 1093 505 1179 πρόσταγμα
522 1089 717 1180 ἀπεδείχθη,
740 1104 842 1164 πᾶσιν
861 1106 936 1167 ἴσον
956 1103 1011 1165 καὶ

64 1192 196 1278 όμοιον,
213 1192 269 1258 καὶ
287 1189 380 1258 τοῦτ’
404 1196 474 1258 ἔστι
485 1191 613 1277 νόμος,
636 1182 664 1280 ᾦ
685 1191 812 1270 πάντας
832 1199 1012 1262 πείθεσθαι

64 1288 224 1376 προσήκει
242 1286 296 1356 διδ
313 1285 434 1374 πολλοὶ,
461 1290 517 1356 καὶ
532 1285 664 1375 μάλισθ’
678 1285 729 1355 ότι
746 1295 810 1367 πᾶς
827 1293 896 1357 έστι
910 1291 1013 1378 νόμος
1059 1290 1066 1304 ’

63 1386 193 1473 εὕρημα
212 1385 274 1472 μὲν
294 1387 351 1453 καὶ
372 1390 484 1470 δωρον
511 1392 615 1471 θεῶν,
638 1385 744 1471 δόγμα
765 1381 797 1452 δ’
811 1383 1013 1470 ’ἀνθρώπων

63 1490 255 1574 φρονίμων,
277 1483 503 1570 ἐπανόρθωμα
522 1485 560 1550 δὲ
574 1490 644 1550 τοῖν
658 1485 820 1551 ἑκουσίων
833 1486 889 1553 καὶ
909 1484 1013 1555 ἀκου-
1029 1558 1038 1578 ,

62 1590 146 1651 σίων
161 1579 419 1668 ἁμαρτημάτων,
441 1581 570 1661 πόλεως
586 1579 623 1649 δὲ
640 1581 795 1670 συνθήκη
811 1580 920 1672 κοινή,
936 1587 1012 1654 καθ’
1038 1643 1042 1648 .

21 1680 105 1770 ιτῆν
116 1689 197 1749 πᾶσι
207 1679 369 1767 προσήκει
379 1686 438 1768 ζήν
448 1694 517 1760 τοῖς
527 1683 564 1750 έν
579 1687 621 1766 τή
638 1679 742 1748 πόλει.
778 1678 863 1750 ἄλλό
877 1683 944 1770 μήν
961 1681 1013 1752 ὅτι

62 1789 127 1848 νύν
136 1779 381 1866 Ἀριστογείτων
389 1793 458 1858 τοῖς
467 1781 529 1866 μὲν
538 1782 768 1866 τήςένδείξεως
779 1783 916 1861 δικαίοις
926 1780 1013 1849 δίπα-

63 1899 118 1946 σιν
147 1875 290 1963 ἥλωκεν,
309 1879 420 1964 ἕτερος
431 1875 462 1945 δ’
477 1875 585 1955 οὐδεὶς
600 1875 843 1956 ἔστιν’όνεκτός
853 1876 944 1970 αύτῷ
954 1880 1013 1949 λό-
1098 1962 1103 1967 -

62 2002 137 2062 γος,
161 1977 237 2060 περὶ
249 1975 381 2045 τούτων
397 1975 515 2066 ῥᾴδιον
531 1974 667 2055 διδάξαι.
701 1979 797 2044 δυοῖν
813 1975 878 2063 γὰρ
890 1977 1011 2064 όντοιυ,

64 2067 221 2158 οόόὶνδρες
229 2071 415 2161 Ἀθηναῖοι,
440 2066 490 2142 τόν
505 2074 603 2141 ἕνεκα
620 2073 741 2153 πάντες
752 2079 901 2143 τίθενται
911 2079 945 2143 οί
953 2077 1013 2144 νό-

63 2199 129 2260 μοι,
140 2179 202 2239 τοῦ
213 2197 248 2239 τε
259 2175 385 2256 μηδένα
397 2171 500 2257 μηδὲν
511 2169 531 2239 δ
541 2171 584 2257 μή
597 2170 728 2240 δίκαιόν
739 2175 807 2239 ἐστι
818 2186 940 2259 ποιεῖν,
958 2174 1014 2240 καὶ

63 2277 126 2337 τού
142 2271 221 2347 τούς
238 2276 504 2354 παραβαίνοντας
519 2275 624 2335 ταῦτα
640 2270 881 2353 κολαζομένους
894 2275 1014 2362 ’βελτί-

65 2393 125 2446 ονς
135 2362 215 2444 τούς
225 2364 347 2445 ἄλλους
357 2379 475 2452 ποιεῖν,
483 2363 682 2452 ἀμφοτέροις
691 2365 822 2445 τούτοις
831 2358 1015 2446 ούτοςένο-

64 2493 122 2553 χος
141 2461 190 2534 τόν
206 2466 400 2552 φανήσεται.
430 2466 484 2533 έπλ
498 2461 642 2551 μδνιγύρ
659 2459 709 2543 οἷς
724 2465 758 2545 έξ
775 2461 876 2552 ἀρχῆς
886 2469 1013 2551 παρέβη

64 2562 144 2643 τούς
162 2563 303 2650 νόμους,
325 2562 366 2655 τὰ
383 2560 552 2649 ὀφλήματ’
563 2561 653 2654 αὐτῷ
669 2567 823 2649 γέγονεν·
845 2564 897 2632 έπλ
913 2561 946 2631 δ’
965 2559 1075 2642 olem

66 2662 129 2732 οὐκ
139 2665 269 2750 έμμένει
279 2663 419 2750 τούτοις,
439 2664 567 2731 νύυέπλ
576 2663 639 2749 τήν
649 2659 723 2749 παρ’
735 2661 832 2748 ὑμῶν
842 2661 955 2747 ἄγεται
964 2688 1017 2730 τι-

66 2767 222 2846 μωρίαν,
234 2759 317 2829 ὥστε
333 2766 498 2848 μηδεμίαν
515 2768 772 2830 καταλείπεσθαι
788 2760 958 2847 πρόφασιν
974 2758 1013 2829 δι’
1044 2781 1047 2785 ’

24 2855 112 2944 ιςήυ
122 2858 165 2924 ὀξυ
175 2884 223 2936 τις
233 2857 337 2928 αύτόν
348 2858 455 2946 ἀφείη.
479 2857 559 2928 οὐδὲ
567 2858 631 2945 γὰρ
642 2852 688 2925 αύ
697 2855 789 2926 τοῦτ’
797 2864 888 2927 ἔστιν
898 2864 1014 2944 είπεῖν,

69 2953 114 3035 ὥς
130 2953 180 3041 ἄρ’
193 2958 229 3023 ἐκ
246 2956 374 3023 τούτων
391 2947 491 3026 όόδδν
505 2956 526 3046 ή
539 2957 634 3035 πόλις
643 2957 829 3043 βλάπτεται.
863 2955 927 3042 ἐγώ
937 2956 1014 3042 γὰρ,

66 3052 119 3122 ὅτι
128 3052 190 3140 μέν
201 3049 301 3120 πάντ’
313 3050 496 3122 ἀπόλλυται
505 3053 546 3123 τοὶ
558 3062 615 3141 τῆς
626 3055 753 3132 πόλεως
770 3051 961 3139 ὀφλήματα,
985 3057 1017 3121 ελ

66 3151 106 3220 τόι
117 3149 241 3219 τούτου
255 3155 443 3237 σοφίσματα
454 3156 686 3238 προσδέξεσθε,
699 3154 753 3219 καὶ
764 3150 831 3237 ότι,
844 3157 875 3220 εί
888 3149 953 3236 όίρα
965 3155 1018 3219 δεῖ

65 3246 158 3329 τινας
169 3252 205 3318 έκ
215 3257 284 3317 τοῖν
295 3246 501 3334 ὀφειλόντων
510 3249 653 3338 ἀφιέναι,
665 3246 745 3328 τούς
754 3248 1014 3327 ἐπιεικεστάτους

67 3350 122 3441 ηαδ
131 3353 322 3435 βελτίστους
338 3349 394 3415 καλ
409 3347 487 3427 τούς
496 3350 550 3419 έπλ
560 3362 631 3428 τοῖς
638 3346 755 3436 ήκιστα
768 3352 888 3426 δεινοῖς
899 3344 1013 3432 ύφλη-

66 3447 174 3535 κότας,
186 3445 326 3525 τούτους
336 3443 473 3532 ἀφιέναι
480 3451 546 3534 δεῖ,
564 3444 707 3534 ούχλτδν
719 3426 1013 3532 πΜρότατονκαλ
