2318 3894
162 243 203 309 46
312 287 314 290 -
379 239 893 303 66611602666062

163 402 220 490 μὴ,
231 410 361 488 γελοῖον
372 402 463 490 νόμῳ
474 400 535 486 μὲν
546 402 732 486 συνδικεῖν,
744 398 851 484 νόμον
861 395 894 464 6'
907 394 1031 477 αὐτους
1043 421 1113 478 ιτα-Ι

164 507 334 588 ραβαίνειν
345 502 466 583 ἕτερον.
492 496 666 582 ἀνάγνωθι
674 495 787 585 λαβών
799 497 859 584 τὸν
868 497 975 582 νόμον
986 495 1106 584 αὐτοῖς,

163 597 203 666 66
214 602 306 683 λέγω.

533 706 725 809 πονου.
832 743 834 747 ’

250 877 374 969 Οὗτος,
397 911 422 952 ω
412 878 553 970 ἄνδρες
572 881 756 970 Ἀθηναιοι,
778 883 833 950 καί
850 883 989 962 παλαιός
1005 881 1101 952 ιὲσθΗ
1087 910 1104 951 ιι

165 979 628 1090 νόμοςκαλκαλῶςέχων,ὃν,
639 979 924 1066 ἐάνσιοφρονασι,
936 981 1106 1066 φυλάξον-

165 1108 218 1148 ται
228 1087 445 1168 παραβαίνειν
456 1106 557 1149 ουτοι

107 1199 190 1256 154
245 1178 327 1299 Ἐμοὶ
347 1176 379 1281 θ’
392 1184 439 1246 ἔτι
454 1203 555 1265 μικρα
566 1199 649 1260 προς
659 1200 772 1261 υμαςε
773 1180 859 1242 πων
869 1173 1104 1262 καταβησομαι

166 1286 234 1347 ἔστι
245 1276 319 1363 γάρ,
332 1303 358 1344 ω
347 1269 503 1362 ’άνδρες’
498 1285 674 1362 Αθηναῖοι,
686 1275 812 1352 πάντας
811 1274 884 1394 μὲν
893 1272 972 1352 τοὺς
982 1274 1107 1363 νόμους

165 1375 261 1464 ὑμῖν,
283 1405 327 1457 ως
336 1375 401 1462 ἐμοι
411 1382 541 1462 νομίζω,
560 1370 833 1442 σπουδαστέον
795 1399 840 1450 ως
856 1369 998 1440 κάλλιστ’
1011 1379 1108 1460 ἔχειν,
1116 1388 1155 1441 504

165 1477 305 1562 μάλιστα
317 1475 353 1542 66
365 1472 504 1552 τούτους
516 1464 597 1540 66
568 1468 648 1591 ηινῆ
659 1468 781 1556 μικράν
791 1498 812 1558 η
798 1466 994 1595 μεγάλην
981 1467 1050 1538 ἔστ’
1063 1471 1108 1540 εἶ-

165 1599 221 1640 ναι
232 1571 292 1657 τὴν
303 1572 412 1639 πόλιν.
446 1568 549 1638 6⁶26
563 1561 668 1636 οὗτοι
672 1575 775 1650 τίνεςς
806 1573 840 1635 ολ
852 1593 887 1635 τε
897 1582 965 1646 τοῖς
976 1558 1108 1652 άχαθάν

165 1697 196 1737 τι
217 1675 351 1738 ποιοῦσι
373 1666 431 1744 τάς
449 1664 543 1751 τιμάς
565 1663 711 1744 διδόντες
731 1693 787 1734 και
775 1667 841 1732 ολ
857 1679 926 1745 τοῖς
949 1663 1108 1734 τάναντία

166 1767 347 1852 πράττουσι
362 1763 420 1842 τὰς
435 1769 598 1850 τιμωρίας.
630 1770 660 1833 εί
678 1761 742 1850 γάρ
759 1762 901 1842 ἅπαντες
918 1760 962 1842 ὡς
972 1761 1110 1850 άληθῶς

165 1865 224 1943 τάς
245 1868 281 1932 ἐν
301 1877 369 1940 τοῖς
388 1862 502 1948 νόμοις
519 1867 632 1950 ζημίας
648 1862 855 1950 φοβούμενοι
871 1869 931 1929 τοῦ
953 1862 1109 1930 κατιόντι

165 1976 273 2028 ποιεῖν
283 1959 478 2046 ἀποσταῖεν,-
498 1962 553 2028 καλ
563 1961 684 2039 πάντες
694 1959 751 2038 τάς
762 1963 813 2028 ἐπί
824 1973 894 2039 ταῖς
908 1957 1109 2046 εὐεργεσίαις

146 2060 290 2147 ,δωρεάς
301 2058 501 2144 ζηλώσαντες
512 2055 534 2126 6
544 2056 605 2145 χρὴ
618 2060 773 2142 πράττειν
784 2061 987 2144 προέλοιντο,
999 2070 1033 2126 τί
1041 2084 1109 2127 κω-

165 2158 236 2225 λύει
246 2155 536 2243 μεχίστηνεῖναι
501 2183 563 2243 την
573 2155 671 2225 πολιν
677 2159 733 2225 καί
744 2157 869 2236 πάντας
880 2152 1109 2242 χρηστούςκαὶ

165 2254 274 2343 μηδέν’
288 2255 547 2378 είναιπονηρόνς
1046 2320 1053 2332 ,

108 2383 156 2434 155
243 2353 406 2423 Ὁτοίννν
426 2354 528 2440 νόμος
548 2346 646 2431 οὗτος
666 2350 861 2420 ὁΛεπτίνου
877 2349 919 2419 06
935 2351 1063 2438 μόνον,
1083 2345 1110 2421 6

165 2453 300 2537 άνδρες’
297 2463 478 2537 Αθηναῖοι,
495 2459 575 2519 τοῦτ
577 2447 747 2533 αθικεῑ,
726 2474 778 2515 οτι
787 2474 845 2527 τας
855 2475 949 2535 τιμας
960 2473 1110 2535 αναιρων

166 2547 444 2631 τῶνεῦεργεσιων
466 2545 598 2633 ἀχρεῖον
620 2545 681 2631 τὴν
704 2548 879 2617 ἐπιείκειαν
895 2562 962 2626 τοῖς
980 2557 1110 2633 φιλοτι-

166 2654 300 2732 μεῖσθαι
310 2645 524 2729 βουλομένοις
535 2649 741 2731 καθίστησιν,
753 2643 821 2715 ἀλλ’
834 2645 885 2714 ὅτι
894 2649 950 2714 καλ
960 2670 1109 2734 παρανο-

166 2750 240 2829 μίας
251 2740 352 2820 δόξαν
368 2747 537 2828 αἰσχίστην
553 2751 594 2830 τῇ
614 2743 709 2812 πόλει
728 2752 921 2828 καταλείπει.
956 2754 1025 2813 ίστε
1044 2743 1108 2831 γάρ

28 2927 31 2934 1
146 2896 150 2902 .
167 2841 273 2926 δήπου
283 2834 390 2920 τοῦθ’,
398 2836 742 2910 ὅτιτάντάδεινόταθ
754 2839 840 2928 ἡμᾶς
851 2840 1060 2910 άθικοάντων
1072 2846 1109 2910 ἓν

165 2937 290 3027 εκάστην
301 2933 433 3022 τίμημΗ
416 2937 555 3024 νπάρχει
567 2937 667 3007 διά
632 2936 1109 3060 τοννόμον,ὃςδιαρρήθηνλε’-

161 3059 216 3156 χει
224 3031 371 3120 ’μηδὲ
336 3059 457 3153 τιμημα
468 3032 629 3122 νπάρχειν
643 3031 715 3106 ἐπὶ
708 3043 813 3119 κρίσει
824 3033 952 3124 πλέονῆ
966 3035 1041 3120 ἓν,“
1024 3038 1108 3105 οπό-

161 3129 279 3216 “τερον
290 3127 334 3199 άν
344 3158 378 3201 το
370 3129 751 3254 θικαστήριοντιμήση,
772 3130 928 3203 παθεῖν
906 3163 926 3220 η
937 3133 1107 3205 άποτίσαι·

160 3226 354 3315 “άμφο’τερα
376 3233 412 3300 66
432 3259 476 3319 μη
465 3218 638 3314 ἐξέστωῖῗ
672 3231 741 3301 ἀλλ’
758 3229 819 3318 οὐχ
835 3224 942 3312 οὗτος
947 3233 1108 3321 ἐχρήσατο

164 3327 270 3415 τούτῳ
287 3353 333 3417 τω
322 3333 474 3419 μέτρῳ,
495 3328 593 3399 ἀλλ”
577 3331 636 3398 εάν
652 3357 700 3409 τις
716 3329 879 3419 άπαιτήση
896 3331 993 3418 χάριν
1009 3328 1108 3417 ὑμᾶς,

183 3451 298 3511 ατιμος
306 3424 405 3495 ἔστω
416 3426 529 3514 φησλ“
532 3430 588 3496 καὶ
604 3426 733 3513 ἡούσία
751 3433 891 3515 δημοσία
901 3425 1010 3497 ἔστιν.
1045 3428 1107 3495 660
