2318 3894
118 262 182 328 460
296 262 441 325 XXXVIII.
463 256 879 321 ΔΗΜΟΣΘΕΝΟΤΣ

25 425 37 447 ⁶
119 412 423 509 άΞενοπείθηκαέ
437 422 648 504 Ναυσίμαχε;
677 420 750 485 τοτέ
765 417 827 503 μὲν
847 415 912 502 γὰρ
935 411 981 495 τός
1003 411 1071 484 ούκ

118 519 280 591 άποδόντι
301 525 393 599 δίκας
410 521 603 604 ἐλαγχάνετε
623 515 681 583 καὶ
698 512 831 601 χρήματ’
850 510 1070 601 ἐπράττεσθε,

118 619 190 688 τοτὲ
208 616 241 687 δ’
259 614 304 696 ὥς
318 615 526 703 παραδόντος
543 614 686 683 διάκετε.
729 619 761 681 εί
778 611 810 682 δ’
828 610 876 681 ἐπ’
892 610 1071 699 ἀμφότερά

118 721 208 784 ἐσται
225 728 449 801 συκοφαντεῖν
465 709 564 798 ύμῖν,
584 713 641 778 καὶ
656 710 730 780 τοτέ
745 712 807 797 μὲν
821 717 884 779 τού
899 708 1071 797 μὴπαρα-

118 819 238 884 δοῦναι
252 814 402 900 χρήματα
417 810 622 896 ἐπράξασθε,
644 808 718 878 τοτέ
735 808 772 877 δέ
792 806 837 887 ως
856 805 1070 892 παραδόντος

118 910 258 994 διάξετε,
271 908 370 978 οὐδὲν
380 909 503 978 κωλύει
512 909 568 976 καί
581 915 693 991 τρίτον
703 932 734 974 τι
744 918 881 983 σκοπεῖν
889 903 971 992 μετά
983 913 1070 972 ταύ-

117 1035 174 1095 τα,
191 1007 273 1077 ὅτου
289 1006 391 1083 πάλιν
408 1007 598 1075 δικάσεσθε.
629 1008 665 1074 οί
678 1004 778 1091 νόμοι
793 1002 826 1072 δ’
837 1001 880 1073 ού
895 1011 1000 1072 ταῦτα
1011 1008 1069 1072 λάε

116 1126 251 1192 γουσιν,
270 1101 337 1173 ἀλλ’
350 1103 436 1185 ἅπαξ
446 1107 521 1191 περί
535 1111 605 1172 τάν
614 1100 727 1172 αύτοῖν
736 1101 819 1191 πρός
828 1101 890 1172 τόν
900 1100 1007 1170 αύτὸν
1019 1101 1069 1171 εδ-

50 1278 54 1284 ,
79 1241 89 1258 2
116 1232 172 1274 ναι
182 1202 241 1284 τάς
253 1207 353 1282 δίκας.

75 1323 107 1379 17
136 1364 139 1368 .
192 1301 264 1372 Ἵνα
273 1308 389 1369 τοίνυν
399 1292 556 1388 είδῆτε,ά
570 1297 690 1383 ἄνδρες
701 1299 867 1382 δικασταὶ,
883 1295 936 1366 ὅτι
947 1295 1067 1385 ούμό-

86 1472 89 1478 ,
117 1398 252 1470 νονούκ
263 1397 552 1485 άδικοῦνταινῦν,
570 1394 657 1472 άλλᾶ
674 1398 730 1467 καὶ
745 1393 835 1482 παρά
844 1396 972 1476 πάντας
982 1394 1066 1482 ἡμῖν
1119 1424 1122 1430 ⁴

117 1497 303 1579 δικάζονται
326 1495 405 1577 τούς
424 1497 565 1584 νόμους,
588 1495 752 1584 βούλομαι
772 1497 827 1562 καὶ
843 1499 965 1562 τοῦτον
981 1491 1067 1580 ύμῖν

116 1594 177 1664 τὸν
187 1595 296 1682 νόμον
312 1601 432 1682 εἰπεῖν,
456 1593 547 1674 ὅστις
563 1593 748 1680 διαρρήδην
764 1595 865 1677 λέγει,
888 1589 948 1661 ἐάν
964 1597 1065 1660 πέντε

116 1696 170 1777 ἐτη
182 1696 332 1780 παρέλθη
342 1693 397 1760 καί
412 1690 458 1778 μὴ
468 1693 685 1775 δικάσωνται,
701 1689 812 1776 μηκέτ’
823 1686 907 1758 εἶναι
922 1703 992 1769 τοῖς
1003 1688 1065 1777 ὀρ-

116 1802 234 1875 φανοῖς
251 1793 347 1874 δίκην
364 1790 438 1871 περὶ
447 1795 517 1856 των
533 1791 571 1856 ἐκ
581 1796 639 1874 τῆς
649 1790 827 1875 ἐπιτροπῆς
837 1787 1062 1875 ἐγκλημάτων.

116 1881 693 1973 καίύμλνάναγνάσεταιτδννόμον.
817 1912 820 1920 ·
1091 1879 1094 1886 ’

497 2047 673 2110 ΝΟΜΟΣ.

73 2193 107 2249 18
197 2176 357 2265 Ἀκούετε,
370 2168 398 2246 ὦ
407 2176 526 2263 άνδρες
537 2179 703 2264 δικασταί,
720 2175 897 2264 τούνύμου
908 2179 1063 2263 λέγοντος

115 2274 282 2364 άντικρυς,
294 2275 354 2346 ἐάν
365 2275 409 2363 μὴ
421 2283 518 2345 πέντε
528 2279 612 2345 ἐτεόν
623 2278 839 2360 δικάσωνται,
857 2272 964 2362 μηκέτ’
977 2274 1063 2343 εἶναι

115 2378 219 2462 δίκην.
252 2373 380 2442 ούκούν
396 2373 688 2494 ἐλάχομεν,,φαῖεν
704 2372 756 2442 άν.
777 2377 843 2447 ,καί
861 2373 1066 2443 διελύσασθέ

115 2496 170 2557 γε,
195 2469 267 2540 ὥστ’
282 2469 345 2540 ούκ
363 2472 445 2539 είσίν
463 2482 564 2553 αυθις
580 2470 660 2559 ύμῖν
677 2476 784 2556 δίκαι.
806 2467 828 2559 ἢ
845 2473 958 2562 δεινόν
975 2471 1004 2558 γ’
1018 2468 1063 2540 άν

115 2579 183 2655 εῖη,
206 2576 236 2638 εί
250 2578 318 2638 τάν
332 2569 394 2655 μέν
409 2572 442 2650 ἐξ
459 2568 560 2658 ἀρχῆς
575 2568 786 2658 άδικημάτων
798 2568 840 2638 ού
852 2574 989 2639 δίδωσιν
999 2575 1061 2658 ἐξω

52 2729 57 2739 .
115 2664 202 2734 πέντ’
215 2671 299 2735 ἐτοῖν
315 2664 374 2746 τάς
391 2671 484 2747 δίκας
499 2679 566 2748 τοῖς
577 2667 736 2756 ὀρφανοῖς
747 2666 765 2737 ὁ
777 2669 881 2755 νόμος
892 2666 975 2737 κατά
990 2677 1062 2754 τοῖν
1142 2735 1149 2754 ,

49 2821 52 2829 .
112 2760 177 2832 ούκ
194 2761 385 2847 ἀφειμένων
401 2765 604 2851 ἐπιτρόπων,
629 2764 712 2850 πρὸς
728 2766 764 2833 δέ
780 2764 860 2845 τούς
872 2767 904 2845 ἐξ
922 2768 1062 2834 ἐκείνων

113 2857 214 2949 ἡμᾶς,
237 2863 313 2946 περὶ
325 2851 374 2927 τόν
386 2858 509 2941 αύτούς
521 2860 686 2948 ἀφήκατε,
708 2867 1125 2954 είκοστῷνῦνέτειδί-οοο

112 2985 178 3046 κην
188 2954 368 3027 τελέσαισθ’
381 2953 482 3045 ὑμεῖς.

71 3069 106 3124 19
195 3056 321 3126 Ἀκούω
332 3065 449 3127 τοίνυν
459 3055 583 3138 αύτούς
597 3057 638 3126 τά
654 3059 716 3146 μὲν
733 3061 808 3147 περὶ
825 3067 894 3130 τῶν
904 3061 1061 3147 πραγμά-
1082 3051 1084 3054 ’

112 3179 181 3223 των
191 3153 303 3223 αύτάν
318 3159 375 3225 καί
390 3164 463 3225 τῶν
475 3154 589 3244 νόμων
605 3152 715 3228 δίκαια
732 3161 931 3245 φεύξεσθαι,
953 3183 1060 3244 παρε-

113 3250 300 3320 σκευάσθαι
321 3253 357 3322 δὲ
376 3256 484 3339 λέγειν
502 3252 547 3335 ὡς
565 3253 672 3324 πολλὰ
686 3255 821 3344 χρήματ’
830 3255 943 3338 αὐτοῖς
958 3282 1061 3326 κατε-

113 3355 236 3436 λείφθη
248 3351 303 3417 καί
308 3349 402 3418 ταῦτ’
414 3349 699 3446 ἀπεστερήθησαν,
706 3355 928 3446 καίτεκμηρίφ
936 3355 1058 3442 χρήσε-

115 3457 197 3518 σθαι
207 3446 330 3518 τούτου
340 3452 385 3540 τῷ
396 3453 529 3537 μεγέθει
540 3458 608 3541 τάν
621 3449 917 3540 δικάνάςέξάρχης
927 3454 1061 3541 ἔλαχον,
1099 3537 1102 3540 ᾖ
