2318 3894
237 167 240 173 ¹
299 215 439 276 ωΡοΣ
457 213 791 277 κειαοοωνιιω.
963 215 1025 283 σου

82 375 143 462 βάς
161 381 219 459 τῆς
234 371 354 451 νυκτός
371 378 548 459 είς-κοίλην
565 379 651 441 ναῦν
670 376 820 441 διέκοπτε
834 381 895 442 τοῦ
905 382 1025 445 πλοίου

83 471 120 541 τό
133 477 261 557 έδαφος.
284 468 397 541 οὑτοσί
415 467 459 555 δ’,
473 467 518 548 ὡς
535 467 635 538 οὐδὲν
652 468 763 557 είδοδς,
785 469 856 543 ἀνω
866 470 1025 557 μετάτοῦν

83 569 194 637 ἀλλων
203 571 369 655 ἐπιβατῶν
379 571 551 654 διέτριβεν.
579 567 694 653 ψόφου
712 573 752 639 δὲ
773 575 957 658 γενομένου
973 577 1025 638 αί-

82 668 266 736 σθάυονται
277 671 312 734 οί
320 668 358 735 ἐν
367 673 411 754 τῷ
422 673 526 754 πλοίῳ
537 663 589 734 ὅτι
599 665 704 739 κακόν
714 693 745 734 τι
754 669 793 735 έν
802 675 896 755 κοίλη
907 670 961 753 νηὶ
975 675 1026 752 μί·

56 789 208 850 ςγνεται,
230 765 286 830 καὶ
297 764 466 848 ,βοηθοῦσι
481 763 578 831 ειάτω.
621 761 665 842 οἱς
680 761 709 833 δ’
728 761 879 850 ἡλίσκετο
896 765 914 835 ὁ
931 765 1026 852 Ἡγέ-

82 883 221 944 στρατος
231 865 286 929 καὶ
297 865 394 946 δίκην
405 859 525 928 δύσειν
539 858 694 947 ἀπέλαβε,
713 863 829 950 φεύγει
839 864 895 931 καί
905 864 1025 932 διωκό-

82 969 180 1047 μἐνος
196 962 301 1044 ῥίπτει
316 955 418 1025 αὑτὸν
434 956 528 1035 είς
493 984 555 1042 την
570 957 755 1042 θάλατταν,
784 958 972 1045 διαμαρτωυ
989 961 1025 1029 δὲ

82 1066 161 1125 τοῦ.
158 1061 287 1178 λέμβου
283 1055 387 1127 διδ
353 1082 390 1124 το
402 1056 508 1123 νοντα
520 1053 643 1122 εἶναι
623 1063 793 1174 απεπυίγη.
826 1061 948 1135 ἐκεῖνος
962 1056 1024 1144 μέν

83 1181 147 1223 ουν
157 1183 278 1242 ουτως,
292 1154 402 1238 ὥσπερ
414 1145 535 1233 αξιος
512 1181 571 1239 ην,
596 1151 991 1240 κακὸςκακοῦςάπεόλετο,
1003 1152 1117 1222 δί884

82 1252 160 1332 τούς
171 1253 290 1332 ἀλλους
301 1252 526 1375 ἐπεβούλευσε
535 1259 683 1336 ποιησαι,
705 1259 808 1319 ταῦτα
823 1249 946 1318 παθόν
963 1250 1025 1319 αύ-

56 1351 146 1430 λτός.
175 1349 288 1420 οὑτοσὶ
304 1350 367 1419 δ’ὁ
386 1346 547 1428 κοινωνός
563 1347 668 1416 αὐτοῦ
678 1350 732 1416 καί
743 1345 905 1434 συνεργός
915 1375 951 1417 το
943 1346 1025 1436 μὲν

82 1473 214 1534 πρωτον
225 1446 330 1528 εὐθύς
345 1452 383 1518 έν
400 1473 445 1536 τῳ
431 1453 558 1536 πλοίμ
570 1471 657 1534 παρα
646 1443 930 1565 τάδικήματα,“
909 1445 953 1527 ως
964 1446 1025 1515 ού-

81 1547 182 1615 δὲνί
152 1572 168 1613 ε
168 1546 262 1631 ίδός,
284 1543 352 1614 ἀλλ’
372 1539 753 1630 ἐκπεπληγμένοςκαλ’
712 1540 998 1627 αυτδς,έπειθε
964 1570 1025 1611 τον

81 1647 214 1732 πρωρέα
230 1641 375 1723 καὶτοὺς
391 1642 515 1720 ναύτας
529 1648 575 1719 είς
593 1638 960 1728 τὸνλεζυβυνέκβαίνειν
970 1644 1024 1710 καὶ

82 1745 224 1809 ἐκλιπεῖν
240 1741 301 1829 την
317 1749 405 1808 ναῦν
422 1737 483 1826 τὴν
499 1747 668 1825 ταχίστην,
693 1735 736 1817 υδς
752 1736 951 1807 ἀνελπίστου
968 1747 1025 1826 τῆς

82 1845 242 1924 σωτηρίας
257 1836 360 1923 ούσης
380 1839 435 1906 καὶ
450 1839 715 1924 καταδυσομένης
733 1845 791 1925 τῆς
806 1836 890 1917 νεοδς
907 1837 1024 1906 αὐτίκα

82 1935 186 2023 μύλα,
201 1931 256 2020 ἵν’,
269 1933 351 2020 ὅπερ
369 1935 611 2019 διενοήθησαν,
627 1934 719 2002 τοῦτ’
730 1941 952 2023 ἐπιτελεσθείη
969 1939 1024 2005 καί
1125 1994 1127 2000 .

45 2084 47 2088 -
81 2032 102 2120 ἡ
127 2039 210 2112 ναῦς
231 2028 388 2099 ἀπόλοιτο
405 2033 461 2097 καί
483 2030 523 2098 τά
544 2031 731 2116 συμβόλαια
754 2031 1021 2123 ἀποστερήσαιεν.

57 2127 257 2215 ςάποτυχιδν
269 2129 303 2197 δέ
313 2127 451 2211 τούτου,
468 2128 523 2218 καί
539 2135 600 2195 τοῦ
610 2125 683 2212 παρ’
695 2125 790 2213 ἡμῶν
801 2133 1024 2216 συμπλέοντος

80 2226 337 2303 ἐναντιωθέντος
348 2225 403 2293 καί
413 2239 479 2303 τοῖς
496 2225 631 2304 ναύταις
640 2225 794 2312 μισθούς,
806 2232 837 2295 εί
847 2227 1024 2297 διασώσαι-

82 2350 120 2392 εν
131 2349 193 2410 την
203 2349 300 2408 ναυν,
318 2322 480 2408 μεναλους
487 2326 769 2408 ἑπαγγειλκμενυυ
775 2374 785 2407 ,
804 2330 965 2409 σωθείσης
978 2329 1023 2403 είς
1085 2398 1088 2415 .

71 2426 277 2508 ,Κεφαλληνί
274 2437 316 2487 αν
326 2445 384 2505 της
396 2417 479 2498 νεοδς
490 2417 543 2489 διὰ
555 2417 633 2498 τούς
643 2416 747 2499 θεούς
756 2420 899 2505 μάλιστά
907 2446 964 2507 ys,
974 2419 1024 2489 ελ·
1105 2431 1107 2436 ’

80 2545 121 2588 τα
139 2520 193 2587 καί
211 2514 265 2585 διά
282 2543 344 2604 την
360 2524 427 2586 τοῖν
443 2525 578 2585 ναυτοῦν
585 2500 746 2604 ἀρετην,
744 2515 853 2585 πόλιν
863 2515 943 2602 μετά
956 2525 1023 2587 τόν

79 2624 334 2686 Μασσαλιωτῶν
350 2640 418 2705 των
434 2623 496 2685 τοῦ
510 2612 730 2703 Ἡγεστράτου
746 2622 905 2683 πολιτῶν
900 2640 950 2701 μη
962 2641 1024 2683 κα-

80 2725 215 2786 ταπλειυ
231 2714 390 2803 Αθηυαζε
399 2739 437 2782 τυ
427 2712 568 2791 πλοιον
577 2719 738 2801 ἔπραττε,
751 2707 894 2798 λέγων’
869 2737 913 2792 ως
923 2738 1024 2795 αυτος

81 2839 115 2879 τε
126 2813 230 2879 καλτα
241 2815 367 2899 χρήματ
365 2811 514 2883 ’ἐκεῖθέν
524 2815 607 2896 ἐστι,
617 2808 700 2888 καλό
712 2799 897 2897 ναύκληρδς
908 2821 957 2900 είη
968 2813 1024 2880 καί

58 2913 116 2984 9οί
131 2912 352 2989 δεδανεικότες
364 2919 612 2980 Μασσαλιωται.
642 2908 817 2994 ἀποτυχων
827 2907 863 2976 δὲ
879 2911 933 2977 καλ
944 2909 1024 2977 τού-

81 3033 156 3093 του,
175 3008 313 3074 καίνων
329 3004 499 3093 ἀρχόντων
515 3015 583 3075 τοῖν
593 3011 630 3075 ἐν
646 3033 685 3094 τη
673 3009 910 3125 Κεφαλληνίμ
921 3005 1023 3089 yvo‘v

82 3129 150 3171 των
157 3100 362 3189 Αθηναζε
326 3130 485 3190 τηνυαυυ
494 3113 694 3187 καταπλεῖν,
717 3101 862 3186 ὅθενπερ
881 3098 1022 3223 ἀνηχβη,
1111 3164 1115 3170 .

82 3199 123 3269 δν
133 3195 244 3269 ούδ’”
222 3227 265 3267 αν
276 3195 322 3279 εἷς
332 3200 483 3268 &meast
455 3227 537 3291 μετο
550 3207 650 3286 δεῦρο
668 3202 974 3286 τολμῆσαιτοιαῦτά
984 3228 1023 3286 γε

81 3300 350 3384 ἐσκευωρημένον
360 3300 414 3364 καί
425 3299 634 3385 πεποιηκότα,
646 3289 785 3384 ούτος,ω
774 3288 932 3382 ἀνδρες’
924 3308 1023 3394 Αθη-

81 3409 183 3481 ναῖοι,
211 3401 372 3464 τοσοῦτον
393 3392 639 3484 ὑπερβέβληκεν
661 3393 808 3485 ἀναιδείᾳ
829 3398 884 3465 καὶ
905 3398 1020 3484 τόλμη,

122 3491 255 3549 Ιλευιοειίι
280 3488 339 3541 Vol.
350 3489 382 3545 11.
835 3490 871 3547 Ἃ
