2318 3894
280 239 415 302 επεν
443 221 779 303 σονιιιειαοπ.
941 242 1004 306 σεε

57 408 119 470 τοῦ
128 401 239 487 λόγον.
270 397 314 468 σῦ
326 395 357 467 δ’
372 404 418 481 είς
433 396 534 468 τοῦθ’
553 396 644 493 ᾔνεις
659 398 898 490 ἀγνωμοσύνης
915 401 1014 471 ὥσθ’.

57 498 247 588 ῦπροσήιιει
257 518 310 567 σοι
320 495 399 577 τοῦς
409 502 564 584 λέγοντας
574 496 716 583 ἕχθροῦς
724 505 885 586 νομίζειν,
908 501 1003 568 ταῦτ’

11 601 45 656 47
56 595 156 677 αῦτὸς
172 611 276 676 ποιείς
292 595 443 683 άνάγιιην
461 595 544 665 εἶναι
560 598 669 681 λέγειν
675 647 685 681 ,
707 599 763 665 καί
780 595 925 684 ὑβρίζεις
944 599 1005 683 μὲν

55 692 181 764 σαντῦν
197 696 252 763 καί
271 692 477 780 τοῦςγονίας
488 701 689 776 τεθνεῦτας,
710 701 959 781 προπηλακίζεις
970 698 1005 762 δὲ

54 792 116 880 τὴν
133 792 247 876 πόλιν,
265 794 320 860 καί
338 789 361 859 δι’
378 790 432 860 διά
444 799 503 879 τῆς
518 790 646 860 τοῦτον
657 799 909 882 φιλανθρωπίας
920 790 1005 861 ἀπο-

54 891 181 968 λαῦσας
198 889 313 974 εὕρετο
331 887 429 968 ὀσῦς
445 888 554 976 πατὴρ
571 893 625 956 καί
642 887 721 976 μετά
733 899 836 958 ταῦτα
846 899 1005 980 Φορμίων
1021 893 1026 903 “
1057 886 1067 907 ’

55 986 184 1074 οὑτοσί,
206 982 397 1066 ταῦταάντί
407 993 469 1053 τοῦ
478 1000 615 1073 κοσμεῖν
625 989 679 1054 καί
691 992 926 1074 περιστέλλειν,
948 992 1004 1056 ἴνα

55 1089 195 1165 ταίτοίς
213 1090 330 1154 δοῦσιν
347 1081 391 1163 ὡς
407 1082 691 1170 εὐσχημονέστατα
707 1087 859 1170 ἐφαίνετο
873 1087 928 1152 ταὶ
938 1091 1065 1163 τοίς959

57 1192 216 1272 λαβοῦσιν
234 1182 330 1271 ὑμῖν,
352 1184 442 1269 άγεις
459 1188 633 1268 είςμέσον,
656 1182 834 1266 δεικνύεις,
856 1185 1004 1268 ἐλέγχεις,

56 1284 162 1370 μόνον
183 1281 245 1351 οὐκ
266 1281 432 1362 ὀνειδίζεις
448 1278 521 1349 οἷον
539 1279 621 1347 ὄντα
638 1300 675 1347 σε
693 1279 888 1366 ἐποιήσαντο
905 1278 1005 1365 Ἀθη-

10 1382 152 1449 48ναίοί.
171 1379 241 1448 ἐἰτ’
262 1386 308 1459 είς
322 1377 424 1447 τοῦθ’
441 1377 532 1465 ἥκεις
542 1384 660 1463 μανίας
679 1384 727 1464 (τί
733 1376 797 1463 γάρ
811 1372 853 1445 άν
865 1377 946 1470 ἄλλο
956 1404 1005 1456 τις
1026 1428 1030 1433 -

56 1484 171 1565 εἴποις)
194 1474 274 1546 ὥστ’
294 1475 356 1546 οῦκ
372 1476 527 1546 αἰσθάνει
545 1474 595 1544 ὅτι
611 1478 668 1544 καί
685 1483 751 1544 νῦν
758 1475 853 1563 ἡμεῖς
864 1476 925 1562 μὲν
934 1475 1004 1556 άξι-

56 1583 182 1667 οῦγτες,
195 1575 370 1662 ἐπειδήπερ
382 1573 553 1661 ἀπηλλάγη
567 1578 740 1659 Φορμίων,
752 1571 867 1664 μηδέν’
877 1570 1004 1642 ῦπῦλο-

55 1699 118 1760 γον
129 1673 212 1742 εἶναι
224 1683 257 1742 εί
262 1695 341 1741 ποτε
351 1680 413 1740 τοῦ
422 1678 485 1740 σοῦ
496 1669 619 1757 πατρὸς
629 1673 768 1757 ἐγένετο,
780 1669 863 1756 ὑπὲρ
875 1679 939 1739 σοῦ
948 1673 1004 1739 λέ·
1042 1685 1046 1695 “
1096 1670 1108 1691 “

55 1797 175 1857 γομεν,
198 1768 241 1838 σὺ
263 1771 298 1839 δὲ
320 1767 476 1856 μηδέποτ’
499 1772 532 1850 ἐξ
549 1779 625 1838 ίσον
640 1787 695 1836 σοι
712 1771 869 1854 γενέσθαι
882 1776 1003 1837 τοῦτον

56 1866 157 1948 ἀξιῶν
173 1866 256 1934 κατὰ
272 1874 400 1935 σαυτοῦ
417 1872 532 1952 λέγεις·
556 1864 652 1953 δίγάρ
664 1863 762 1934 άνσῦ
773 1872 881 1934 δίκαια
893 1876 1005 1957 σαντηῦ

56 1964 140 2034 κατά
157 1966 279 2034 τοῦτον
292 1966 407 2052 τάξης,
429 1962 532 2031 ταῦτά
548 1963 649 2031 ταῦθ’
667 1963 737 2051 ἥξει
746 1965 904 2032 κατάσοῦ
914 1964 1003 2049 παρὰ

56 2069 125 2132 νῦν
140 2065 200 2131 τὸν
217 2061 279 2130 σῦν
295 2064 419 2145 πατέρα
429 2063 462 2140 ἐξ
474 2057 575 2146 ἀρχῆς
584 2065 807 2146 κτησαμένων.
843 2059 926 2128 ἀλλὰ
938 2062 1004 2146 μὴν

57 2159 109 2228 ὅτι
125 2158 277 2238 κάκεῖνος
291 2152 336 2245 ἦν
346 2165 465 2243 τινῶν,
487 2156 547 2226 εἶτ’
558 2156 729 2244 ἀπηλλάγη
740 2154 800 2225 τὸν
812 2154 999 2246 αῦτὸν-τρό·

58 2282 124 2324 πον
135 2257 237 2343 ὅνπερ
250 2249 345 2344 οὗτος
356 2253 417 2342 ἀφ’
429 2255 535 2343 ὑμῶν,
548 2258 630 2342 λαβέ
638 2280 694 2340 μοι
703 2256 840 2322 ταυτασί
849 2254 908 2333 τάς
918 2280 1003 2340 μαρ-

56 2361 184 2442 τυρίας,
198 2353 242 2436 ῦς
252 2357 381 2440 ἐγένετο
393 2361 531 2441 Πασίων
539 2353 782 2439 Ἀρχεστράτου.
801 2429 804 2434 ,
849 2373 851 2377 ’

399 2527 656 2616 ΜΑΡΤεΡιᾼε.

11 2653 46 2707 49
140 2647 222 2718 Εἶτα
238 2649 298 2720 τὸν
315 2642 470 2731 σώσαντα
486 2651 589 2737 μίνέξ
599 2647 700 2739 ἀρχῆς
710 2647 750 2719 τά
760 2650 937 2738 πράγματα
948 2652 1003 2718 καί

55 2748 162 2820 πολλὰ
177 2748 343 2835 χρήσιμον,
355 2747 460 2818 αῦτῦν
478 2748 689 2836 παρασχόντα
698 2757 747 2836 τῷ
757 2753 855 2835 πατρί
865 2757 913 2841 τῷ
922 2750 1002 2818 τοῦ·

54 2871 131 2931 τον,
153 2853 297 2915 τοσαῦτα
309 2845 339 2914 δ’
353 2845 456 2917 αῦτῦν
465 2855 586 2916 τοῦτον
596 2843 707 2934 άγαθδ
718 2846 998 2937 είργασμένονὸσ’
1080 2920 1083 2928 s

42 2941 148 3030 ῦμεῖς
164 2940 342 3030 ἀκηκόατε,
354 2943 485 3015 ’τοῦτον
501 2954 602 3015 οίεται
620 2951 690 3014 δείν
706 2945 1002 3034 ἑλάντηλιιιαῦτην

55 3045 152 3126 δίκην
163 3038 283 3118 αδιιιεις
293 3043 452 3129 ἔκβαλεν
486 3041 527 3112 οῦ
537 3043 602 3130 γάρ
615 3042 741 3128 άλλογ’
753 3049 837 3129 ἔχοις
848 3040 980 3113 οῦδὲν
959 3071 1003 3112 αν

14 3140 24 3150 ’
55 3158 200 3255 ποιησαι.
225 3144 271 3217 είς
279 3138 457 3227 μὲνγαρ
420 3167 460 3209 τα
470 3167 577 3211 ονταε
577 3139 889 3228 βλίπειςαιιριβως,
897 3151 1000 3211 τανθ
1030 3219 1041 3225 ,

51 3230 206 3355 γῦρησεις
218 3261 267 3302 ιον
276 3241 364 3304 ἔστιν
372 3234 517 3325 ,ἐάν,“
494 3265 515 3306 ο
526 3266 571 3325 μη
559 3239 729 3326 γένοιτο,
750 3241 1002 3328 ἐξαπατηθῶσιν
1075 3276 1079 3291 ¹

12 3323 193 3400 ὅθοῦοοι.ε
178 3358 261 3420 ορας
269 3358 330 3400 τον
337 3332 608 3423 Αριστολοχον
574 3363 634 3406 τον
643 3337 855 3426 Χαριδημον
867 3363 928 3407 ποτ
932 3338 1001 3418 ἐδ-

53 3454 111 3515 χεν
128 3427 251 3516 ἀγρὸν,
275 3430 343 3498 ἐἶτά
360 3458 398 3519 γε
414 3439 482 3503 νῦν
497 3442 627 3504 πολλοί
647 3445 781 3517 πολλοῖς
796 3435 860 3523 γὰρ
877 3441 1002 3516 ἐκεῖνος

95 3524 232 3579 Demosth.
255 3527 314 3580 Vol.
325 3527 360 3584 11.
1120 3536 1125 3543 '
