<?xml version="1.0" encoding="UTF-8"?>
<!DOCTYPE html PUBLIC "-//W3C//DTD XHTML 1.0 Transitional//EN"
    "http://www.w3.org/TR/xhtml1/DTD/xhtml1-transitional.dtd">
<html xmlns="http://www.w3.org/1999/xhtml" xml:lang="en" lang="en">
 <head>
  <title>
</title>
<meta http-equiv="Content-Type" content="text/html;charset=utf-8" />
  <meta name='ocr-system' content='tesseract 3.04.00' />
  <meta name='ocr-capabilities' content='ocr_page ocr_carea ocr_par ocr_line ocrx_word'/>
</head>
<body>
  <div class='ocr_page' id='page_1' title='image "./orationesexrece00demogoog_0277.png"; bbox 0 0 2318 3894; ppageno 0'>
   <div class='ocr_carea' id='block_1_1' title="bbox 157 223 907 337">
    <p class='ocr_par' dir='ltr' id='par_1_1' title="bbox 157 223 907 337">
     <span class='ocr_line' id='line_1_1' title="bbox 157 223 907 337; baseline 0.005 -4"><span class='ocrx_word' id='word_1_1' title='bbox 157 271 220 334; x_wconf 78' lang='grc' dir='ltr'><strong><em>νον</em></strong></span> <span class='ocrx_word' id='word_1_2' title='bbox 360 223 457 333; x_wconf 73' lang='grc' dir='ltr'><strong><em>μον.</em></strong></span> <span class='ocrx_word' id='word_1_3' title='bbox 492 240 907 337; x_wconf 73' lang='grc' dir='ltr'><strong><em>ΔΗιαοεοίιΝονΣ</em></strong></span> 
     </span>
    </p>
   </div>
   <div class='ocr_carea' id='block_1_2' title="bbox 44 428 1156 3176">
    <p class='ocr_par' dir='ltr' id='par_1_2' title="bbox 44 428 1156 3176">
     <span class='ocr_line' id='line_1_2' title="bbox 100 428 1120 524; baseline 0.009 -27"><span class='ocrx_word' id='word_1_4' title='bbox 100 428 350 517; x_wconf 67' lang='lat' dir='ltr'><em>181“602&#39;a96u6</em></span> <span class='ocrx_word' id='word_1_5' title='bbox 368 439 426 518; x_wconf 77' lang='grc' dir='ltr'><strong><em>τῆς</em></strong></span> <span class='ocrx_word' id='word_1_6' title='bbox 441 435 477 500; x_wconf 80' lang='grc' dir='ltr'><strong><em>ἐν</em></strong></span> <span class='ocrx_word' id='word_1_7' title='bbox 489 431 587 521; x_wconf 80' lang='grc' dir='ltr'><strong><em>Νάξῳ</em></strong></span> <span class='ocrx_word' id='word_1_8' title='bbox 605 433 812 520; x_wconf 49' lang='grc' dir='ltr'><strong><em>νανμαχίαςί</em></strong></span> <span class='ocrx_word' id='word_1_9' title='bbox 843 442 979 503; x_wconf 84' lang='grc' dir='ltr'><strong><em>τοιαῦτα</em></strong></span> <span class='ocrx_word' id='word_1_10' title='bbox 989 433 1056 522; x_wconf 87' lang='grc' dir='ltr'><strong><em>γάρ</em></strong></span> <span class='ocrx_word' id='word_1_11' title='bbox 1066 431 1120 524; x_wconf 80' lang='grc' dir='ltr'><strong><em>ἦν·</em></strong></span> 
     </span>
     <span class='ocr_line' id='line_1_3' title="bbox 156 531 1110 622; baseline 0.007 -25"><span class='ocrx_word' id='word_1_12' title='bbox 156 531 197 598; x_wconf 86' lang='grc' dir='ltr'><strong><em>τά</em></strong></span> <span class='ocrx_word' id='word_1_13' title='bbox 209 538 279 598; x_wconf 74' lang='grc' dir='ltr'><strong><em>τοῖν</em></strong></span> <span class='ocrx_word' id='word_1_14' title='bbox 274 532 464 620; x_wconf 85' lang='grc' dir='ltr'><strong><em>στεφάνων</em></strong></span> <span class='ocrx_word' id='word_1_15' title='bbox 476 533 713 618; x_wconf 75' lang='grc' dir='ltr'><strong><em>ἐπιγράμματα.</em></strong></span> <span class='ocrx_word' id='word_1_16' title='bbox 745 540 849 601; x_wconf 84' lang='grc' dir='ltr'><strong><em>ταῦτα</em></strong></span> <span class='ocrx_word' id='word_1_17' title='bbox 860 534 921 620; x_wconf 69' lang='grc' dir='ltr'><strong><em>μὲν</em></strong></span> <span class='ocrx_word' id='word_1_18' title='bbox 930 541 1066 622; x_wconf 81' lang='grc' dir='ltr'><strong><em>τοίνυν,</em></strong></span> <span class='ocrx_word' id='word_1_19' title='bbox 1087 533 1110 604; x_wconf 78' lang='grc' dir='ltr'><strong><em>ά</em></strong></span> 
     </span>
     <span class='ocr_line' id='line_1_4' title="bbox 156 626 1112 719; baseline 0.004 -23"><span class='ocrx_word' id='word_1_20' title='bbox 156 631 318 716; x_wconf 88' lang='grc' dir='ltr'><strong><em>πρότερον</em></strong></span> <span class='ocrx_word' id='word_1_21' title='bbox 330 626 427 715; x_wconf 69' lang='grc' dir='ltr'><strong><em>ζῆλοί)</em></strong></span> <span class='ocrx_word' id='word_1_22' title='bbox 439 628 547 697; x_wconf 79' lang='grc' dir='ltr'><strong><em>πολὺν</em></strong></span> <span class='ocrx_word' id='word_1_23' title='bbox 558 629 621 716; x_wconf 77' lang='grc' dir='ltr'><strong><em>εἶχε</em></strong></span> <span class='ocrx_word' id='word_1_24' title='bbox 631 633 686 698; x_wconf 88' lang='grc' dir='ltr'><strong><em>καλ</em></strong></span> <span class='ocrx_word' id='word_1_25' title='bbox 697 638 887 718; x_wconf 91' lang='grc' dir='ltr'><strong><em>φιλοτιμίαν</em></strong></span> <span class='ocrx_word' id='word_1_26' title='bbox 897 629 993 717; x_wconf 75' lang='grc' dir='ltr'><strong><em>ὑμῖν,</em></strong></span> <span class='ocrx_word' id='word_1_27' title='bbox 1014 631 1108 719; x_wconf 75' lang='grc' dir='ltr'><strong><em>η’φά«</em></strong></span> <span class='ocrx_word' id='word_1_28' title='bbox 1110 626 1112 632; x_wconf 59' lang='grc'><strong>’</strong></span> 
     </span>
     <span class='ocr_line' id='line_1_5' title="bbox 98 729 1108 817; baseline 0.008 -27"><span class='ocrx_word' id='word_1_29' title='bbox 98 780 101 788; x_wconf 28' lang='grc' dir='ltr'><strong><em>ε</em></strong></span> <span class='ocrx_word' id='word_1_30' title='bbox 155 747 262 795; x_wconf 90' lang='grc' dir='ltr'><strong><em>νισται</em></strong></span> <span class='ocrx_word' id='word_1_31' title='bbox 272 729 544 814; x_wconf 83' lang='grc' dir='ltr'><strong><em>καθαιρεθεντων</em></strong></span> <span class='ocrx_word' id='word_1_32' title='bbox 554 755 621 795; x_wconf 88' lang='grc' dir='ltr'><strong><em>των</em></strong></span> <span class='ocrx_word' id='word_1_33' title='bbox 631 730 822 815; x_wconf 84' lang='grc' dir='ltr'><strong><em>στεφάνων</em></strong></span> <span class='ocrx_word' id='word_1_34' title='bbox 839 733 890 798; x_wconf 80' lang='grc' dir='ltr'><strong><em>ἐπί</em></strong></span> <span class='ocrx_word' id='word_1_35' title='bbox 899 731 935 798; x_wconf 74' lang='grc' dir='ltr'><strong><em>δὲ</em></strong></span> <span class='ocrx_word' id='word_1_36' title='bbox 944 745 1016 809; x_wconf 84' lang='grc' dir='ltr'><strong><em>ταῖς</em></strong></span> <span class='ocrx_word' id='word_1_37' title='bbox 1027 756 1108 817; x_wconf 89' lang='grc' dir='ltr'><strong><em>φιοι</em></strong></span> 
     </span>
     <span class='ocr_line' id='line_1_6' title="bbox 155 819 1104 916; baseline 0.004 -24"><span class='ocrx_word' id='word_1_38' title='bbox 155 833 241 909; x_wconf 87' lang='grc' dir='ltr'><strong><em>λαις,</em></strong></span> <span class='ocrx_word' id='word_1_39' title='bbox 264 853 303 904; x_wconf 90' lang='grc' dir='ltr'><strong><em>ας</em></strong></span> <span class='ocrx_word' id='word_1_40' title='bbox 313 852 375 893; x_wconf 88' lang='grc' dir='ltr'><strong><em>αντ</em></strong></span> <span class='ocrx_word' id='word_1_41' title='bbox 379 823 538 895; x_wconf 81' lang='grc' dir='ltr'><strong><em>’ἐκείνων</em></strong></span> <span class='ocrx_word' id='word_1_42' title='bbox 551 819 759 915; x_wconf 68' lang='lat' dir='ltr'><em>6uom‘oav6‘</em></span> <span class='ocrx_word' id='word_1_43' title='bbox 740 842 986 913; x_wconf 84' lang='grc' dir='ltr'><strong><em>νμινοπορνος</em></strong></span> <span class='ocrx_word' id='word_1_44' title='bbox 996 821 1104 916; x_wconf 92' lang='grc' dir='ltr'><strong><em>οντος,</em></strong></span> 
     </span>
     <span class='ocr_line' id='line_1_7' title="bbox 44 915 1105 1012; baseline 0.003 -23"><span class='ocrx_word' id='word_1_45' title='bbox 44 941 51 956; x_wconf 89' lang='grc'><em>·</em></span> <span class='ocrx_word' id='word_1_46' title='bbox 151 915 326 1012; x_wconf 76' lang='grc' dir='ltr'><strong><em>“Ἀνόροτί</em></strong></span> <span class='ocrx_word' id='word_1_47' title='bbox 325 922 909 1046; x_wconf 82' lang='grc' dir='ltr'><strong><em>ωνοςἐπιμελουμένονέποιήθησαν”</em></strong></span> <span class='ocrx_word' id='word_1_48' title='bbox 930 926 1105 1012; x_wconf 68' lang='grc' dir='ltr'><strong><em>ἐπιγέγρα-</em></strong></span> 
     </span>
     <span class='ocr_line' id='line_1_8' title="bbox 154 1014 1102 1111; baseline 0.003 -23"><span class='ocrx_word' id='word_1_49' title='bbox 154 1046 247 1106; x_wconf 88' lang='grc' dir='ltr'><strong><em>πται,</em></strong></span> <span class='ocrx_word' id='word_1_50' title='bbox 269 1014 384 1090; x_wconf 80' lang='grc' dir='ltr'><strong><em>καί</em></strong></span> <span class='ocrx_word' id='word_1_51' title='bbox 341 1050 383 1090; x_wconf 90' lang='grc' dir='ltr'><strong><em>ον</em></strong></span> <span class='ocrx_word' id='word_1_52' title='bbox 401 1021 437 1091; x_wconf 83' lang='grc' dir='ltr'><strong><em>τό</em></strong></span> <span class='ocrx_word' id='word_1_53' title='bbox 451 1031 545 1110; x_wconf 86' lang='grc' dir='ltr'><strong><em>σωμα</em></strong></span> <span class='ocrx_word' id='word_1_54' title='bbox 556 1019 769 1111; x_wconf 77' lang='grc' dir='ltr'><strong><em>ἡταιρηκότος</em></strong></span> <span class='ocrx_word' id='word_1_55' title='bbox 779 1020 841 1099; x_wconf 78' lang='grc' dir='ltr'><strong><em>οὐκ</em></strong></span> <span class='ocrx_word' id='word_1_56' title='bbox 854 1026 953 1090; x_wconf 72' lang='grc' dir='ltr'><strong><em>ἑοῖσιν</em></strong></span> <span class='ocrx_word' id='word_1_57' title='bbox 965 1023 1102 1109; x_wconf 85' lang='grc' dir='ltr'><strong><em>οίνόμοι</em></strong></span> 
     </span>
     <span class='ocr_line' id='line_1_9' title="bbox 154 1119 1104 1209; baseline 0.003 -22"><span class='ocrx_word' id='word_1_58' title='bbox 154 1127 200 1200; x_wconf 88' lang='grc' dir='ltr'><strong><em>είς</em></strong></span> <span class='ocrx_word' id='word_1_59' title='bbox 217 1148 256 1189; x_wconf 93' lang='grc' dir='ltr'><strong><em>τα</em></strong></span> <span class='ocrx_word' id='word_1_60' title='bbox 244 1119 340 1209; x_wconf 87' lang='grc' dir='ltr'><strong><em>ίερά</em></strong></span> <span class='ocrx_word' id='word_1_61' title='bbox 354 1125 503 1206; x_wconf 84' lang='grc' dir='ltr'><strong><em>είσιέναι,</em></strong></span> <span class='ocrx_word' id='word_1_62' title='bbox 527 1121 649 1189; x_wconf 80' lang='grc' dir='ltr'><strong><em>τούτου</em></strong></span> <span class='ocrx_word' id='word_1_63' title='bbox 658 1121 805 1208; x_wconf 83' lang='grc' dir='ltr'><strong><em>τοάνομα</em></strong></span> <span class='ocrx_word' id='word_1_64' title='bbox 817 1123 853 1188; x_wconf 80' lang='grc' dir='ltr'><strong><em>ἐν</em></strong></span> <span class='ocrx_word' id='word_1_65' title='bbox 863 1124 1042 1206; x_wconf 79' lang='grc' dir='ltr'><strong><em>τοϊςίερόλς</em></strong></span> <span class='ocrx_word' id='word_1_66' title='bbox 1052 1124 1104 1190; x_wconf 75' lang='grc' dir='ltr'><strong><em>ἐπὶ</em></strong></span> 
     </span>
     <span class='ocr_line' id='line_1_10' title="bbox 152 1217 1103 1307; baseline 0.001 -22"><span class='ocrx_word' id='word_1_67' title='bbox 152 1226 221 1287; x_wconf 83' lang='grc' dir='ltr'><strong><em>τῶν</em></strong></span> <span class='ocrx_word' id='word_1_68' title='bbox 238 1227 368 1304; x_wconf 77' lang='grc' dir='ltr'><strong><em>φιαλῶν</em></strong></span> <span class='ocrx_word' id='word_1_69' title='bbox 385 1221 614 1307; x_wconf 76' lang='grc' dir='ltr'><strong><em>γεγραμμένον</em></strong></span> <span class='ocrx_word' id='word_1_70' title='bbox 631 1225 726 1288; x_wconf 82' lang='grc' dir='ltr'><strong><em>ἐστίν.</em></strong></span> <span class='ocrx_word' id='word_1_71' title='bbox 757 1219 874 1305; x_wconf 81' lang='grc' dir='ltr'><strong><em>ὅμοιόν</em></strong></span> <span class='ocrx_word' id='word_1_72' title='bbox 890 1246 945 1306; x_wconf 90' lang='grc' dir='ltr'><strong><em>γε,</em></strong></span> <span class='ocrx_word' id='word_1_73' title='bbox 969 1217 1011 1288; x_wconf 79' lang='grc' dir='ltr'><strong><em>οὐ</em></strong></span> <span class='ocrx_word' id='word_1_74' title='bbox 1021 1219 1103 1305; x_wconf 73' lang='grc' dir='ltr'><strong><em>γάρς</em></strong></span> 
     </span>
     <span class='ocr_line' id='line_1_11' title="bbox 153 1315 1138 1407; baseline 0.003 -23"><span class='ocrx_word' id='word_1_75' title='bbox 153 1325 252 1384; x_wconf 87' lang='grc' dir='ltr'><strong><em>τοῦτο</em></strong></span> <span class='ocrx_word' id='word_1_76' title='bbox 263 1333 330 1396; x_wconf 80' lang='grc' dir='ltr'><strong><em>τοῖς</em></strong></span> <span class='ocrx_word' id='word_1_77' title='bbox 341 1324 512 1407; x_wconf 84' lang='grc' dir='ltr'><strong><em>προτέροις</em></strong></span> <span class='ocrx_word' id='word_1_78' title='bbox 523 1320 782 1407; x_wconf 77' lang='grc' dir='ltr'><strong><em>ἐπιγράμμασιν,</em></strong></span> <span class='ocrx_word' id='word_1_79' title='bbox 794 1315 815 1405; x_wconf 79' lang='grc' dir='ltr'><em>ἢ</em></span> <span class='ocrx_word' id='word_1_80' title='bbox 826 1326 1018 1405; x_wconf 83' lang='grc' dir='ltr'><strong><em>φιλοτιμίαν</em></strong></span> <span class='ocrx_word' id='word_1_81' title='bbox 1030 1328 1104 1405; x_wconf 82' lang='grc' dir='ltr'><strong><em>ίσην</em></strong></span> <span class='ocrx_word' id='word_1_82' title='bbox 1137 1398 1138 1403; x_wconf 13' lang='lat'>¹</span> 
     </span>
     <span class='ocr_line' id='line_1_12' title="bbox 92 1414 1105 1503; baseline 0.001 -20"><span class='ocrx_word' id='word_1_83' title='bbox 92 1439 143 1494; x_wconf 75' lang='lat'><strong><em>132</em></strong></span> <span class='ocrx_word' id='word_1_84' title='bbox 152 1419 228 1501; x_wconf 78' lang='grc' dir='ltr'><strong><em>ἔχον</em></strong></span> <span class='ocrx_word' id='word_1_85' title='bbox 245 1416 333 1501; x_wconf 77' lang='grc' dir='ltr'><strong><em>ὑμῖν.</em></strong></span> <span class='ocrx_word' id='word_1_86' title='bbox 367 1424 442 1503; x_wconf 93' lang='grc' dir='ltr'><strong><em>τρία</em></strong></span> <span class='ocrx_word' id='word_1_87' title='bbox 458 1424 574 1486; x_wconf 86' lang='grc' dir='ltr'><strong><em>τοίνυν</em></strong></span> <span class='ocrx_word' id='word_1_88' title='bbox 591 1420 627 1485; x_wconf 78' lang='grc' dir='ltr'><strong><em>ἐκ</em></strong></span> <span class='ocrx_word' id='word_1_89' title='bbox 643 1418 765 1485; x_wconf 85' lang='grc' dir='ltr'><strong><em>τούτου</em></strong></span> <span class='ocrx_word' id='word_1_90' title='bbox 774 1414 814 1484; x_wconf 88' lang='grc' dir='ltr'><strong><em>τά</em></strong></span> <span class='ocrx_word' id='word_1_91' title='bbox 826 1414 990 1485; x_wconf 81' lang='grc' dir='ltr'><strong><em>δεινότατ’</em></strong></span> <span class='ocrx_word' id='word_1_92' title='bbox 1001 1415 1047 1484; x_wconf 86' lang='grc' dir='ltr'><strong><em>άν</em></strong></span> <span class='ocrx_word' id='word_1_93' title='bbox 1058 1442 1105 1494; x_wconf 85' lang='grc' dir='ltr'><strong><em>τις</em></strong></span> 
     </span>
     <span class='ocr_line' id='line_1_13' title="bbox 153 1512 1104 1601; baseline 0 -19"><span class='ocrx_word' id='word_1_94' title='bbox 153 1518 219 1582; x_wconf 79' lang='grc' dir='ltr'><strong><em>ίθοι</em></strong></span> <span class='ocrx_word' id='word_1_95' title='bbox 236 1513 442 1600; x_wconf 82' lang='grc' dir='ltr'><strong><em>πεπραγμέν’</em></strong></span> <span class='ocrx_word' id='word_1_96' title='bbox 461 1513 581 1595; x_wconf 79' lang='grc' dir='ltr'><strong><em>αὐτοῖς,</em></strong></span> <span class='ocrx_word' id='word_1_97' title='bbox 613 1514 676 1601; x_wconf 77' lang='grc' dir='ltr'><strong><em>τὴν</em></strong></span> <span class='ocrx_word' id='word_1_98' title='bbox 691 1515 751 1600; x_wconf 71' lang='grc' dir='ltr'><strong><em>μὲν</em></strong></span> <span class='ocrx_word' id='word_1_99' title='bbox 767 1515 831 1600; x_wconf 86' lang='grc' dir='ltr'><strong><em>γάρ</em></strong></span> <span class='ocrx_word' id='word_1_100' title='bbox 842 1512 1018 1592; x_wconf 70' lang='grc' dir='ltr'><strong><em>θεόντοὺς</em></strong></span> <span class='ocrx_word' id='word_1_101' title='bbox 1031 1534 1104 1582; x_wconf 81' lang='grc' dir='ltr'><strong><em>στε-</em></strong></span> 
     </span>
     <span class='ocr_line' id='line_1_14' title="bbox 153 1610 1156 1700; baseline 0.005 -23"><span class='ocrx_word' id='word_1_102' title='bbox 153 1610 281 1696; x_wconf 80' lang='grc' dir='ltr'><strong><em>φάνονς</em></strong></span> <span class='ocrx_word' id='word_1_103' title='bbox 299 1612 513 1698; x_wconf 77' lang='grc' dir='ltr'><strong><em>σεσυλήκασι·</em></strong></span> <span class='ocrx_word' id='word_1_104' title='bbox 535 1621 592 1700; x_wconf 81' lang='grc' dir='ltr'><strong><em>τῆς</em></strong></span> <span class='ocrx_word' id='word_1_105' title='bbox 609 1614 734 1692; x_wconf 87' lang='grc' dir='ltr'><strong><em>πόλεως</em></strong></span> <span class='ocrx_word' id='word_1_106' title='bbox 751 1613 856 1682; x_wconf 74' lang='grc' dir='ltr'><strong><em>θὲτόν</em></strong></span> <span class='ocrx_word' id='word_1_107' title='bbox 867 1619 965 1698; x_wconf 83' lang='grc' dir='ltr'><strong><em>ζῆλον</em></strong></span> <span class='ocrx_word' id='word_1_108' title='bbox 978 1610 1156 1700; x_wconf 73' lang='grc' dir='ltr'><strong><em>ἠφανί-λολ</em></strong></span> 
     </span>
     <span class='ocr_line' id='line_1_15' title="bbox 151 1702 1104 1797; baseline 0.001 -20"><span class='ocrx_word' id='word_1_109' title='bbox 151 1729 228 1777; x_wconf 91' lang='grc' dir='ltr'><strong><em>κασι</em></strong></span> <span class='ocrx_word' id='word_1_110' title='bbox 243 1708 304 1777; x_wconf 86' lang='grc' dir='ltr'><strong><em>τόν</em></strong></span> <span class='ocrx_word' id='word_1_111' title='bbox 321 1714 356 1776; x_wconf 82' lang='grc' dir='ltr'><strong><em>ἐκ</em></strong></span> <span class='ocrx_word' id='word_1_112' title='bbox 374 1718 442 1777; x_wconf 72' lang='grc' dir='ltr'><strong><em>τοῖν</em></strong></span> <span class='ocrx_word' id='word_1_113' title='bbox 458 1702 632 1796; x_wconf 78' lang='grc' dir='ltr'><strong><em>ἔργον,</em></strong></span> <span class='ocrx_word' id='word_1_114' title='bbox 605 1737 653 1777; x_wconf 84' lang='grc' dir='ltr'><strong><em>ων</em></strong></span> <span class='ocrx_word' id='word_1_115' title='bbox 669 1708 847 1797; x_wconf 83' lang='grc' dir='ltr'><strong><em>ὑπόμνημα</em></strong></span> <span class='ocrx_word' id='word_1_116' title='bbox 866 1704 950 1797; x_wconf 78' lang='grc' dir='ltr'><strong><em>ἦσαν</em></strong></span> <span class='ocrx_word' id='word_1_117' title='bbox 965 1709 1061 1789; x_wconf 85' lang='grc' dir='ltr'><strong><em>ὄντες</em></strong></span> <span class='ocrx_word' id='word_1_118' title='bbox 1071 1715 1104 1778; x_wconf 86' lang='grc' dir='ltr'><strong><em>ολ</em></strong></span> 
     </span>
     <span class='ocr_line' id='line_1_16' title="bbox 150 1804 1102 1900; baseline 0.004 -28"><span class='ocrx_word' id='word_1_119' title='bbox 150 1809 322 1890; x_wconf 77' lang='grc' dir='ltr'><strong><em>στέφανοι</em></strong></span> <span class='ocrx_word' id='word_1_120' title='bbox 346 1807 471 1900; x_wconf 78' lang='grc' dir='ltr'><strong><em>τούςθ’</em></strong></span> <span class='ocrx_word' id='word_1_121' title='bbox 491 1806 678 1889; x_wconf 74' lang='grc' dir='ltr'><strong><em>ἀναθέντας</em></strong></span> <span class='ocrx_word' id='word_1_122' title='bbox 695 1809 796 1888; x_wconf 78' lang='grc' dir='ltr'><strong><em>δόξαν</em></strong></span> <span class='ocrx_word' id='word_1_123' title='bbox 813 1807 858 1876; x_wconf 79' lang='grc' dir='ltr'><strong><em>οὐ</em></strong></span> <span class='ocrx_word' id='word_1_124' title='bbox 870 1807 994 1895; x_wconf 89' lang='grc' dir='ltr'><strong><em>μικράν</em></strong></span> <span class='ocrx_word' id='word_1_125' title='bbox 1005 1804 1102 1896; x_wconf 80' lang='grc' dir='ltr'><strong><em>άφῄ-</em></strong></span> 
     </span>
     <span class='ocr_line' id='line_1_17' title="bbox 150 1899 1101 1993; baseline 0.004 -23"><span class='ocrx_word' id='word_1_126' title='bbox 150 1931 280 1992; x_wconf 85' lang='grc' dir='ltr'><strong><em>ρηνται,</em></strong></span> <span class='ocrx_word' id='word_1_127' title='bbox 302 1905 338 1974; x_wconf 86' lang='grc' dir='ltr'><strong><em>τό</em></strong></span> <span class='ocrx_word' id='word_1_128' title='bbox 358 1899 515 1989; x_wconf 73' lang='grc' dir='ltr'><strong><em>δοκεῖν</em></strong></span> <span class='ocrx_word' id='word_1_129' title='bbox 487 1935 535 1976; x_wconf 84' lang='grc' dir='ltr'><strong><em>ων</em></strong></span> <span class='ocrx_word' id='word_1_130' title='bbox 552 1903 594 1975; x_wconf 88' lang='grc' dir='ltr'><strong><em>άν</em></strong></span> <span class='ocrx_word' id='word_1_131' title='bbox 612 1933 650 1976; x_wconf 88' lang='grc' dir='ltr'><strong><em>ευ</em></strong></span> <span class='ocrx_word' id='word_1_132' title='bbox 636 1901 823 1975; x_wconf 77' lang='grc' dir='ltr'><strong><em>πάθωσιν</em></strong></span> <span class='ocrx_word' id='word_1_133' title='bbox 834 1909 962 1976; x_wconf 81' lang='grc' dir='ltr'><strong><em>ἐθέλειν</em></strong></span> <span class='ocrx_word' id='word_1_134' title='bbox 973 1914 1101 1993; x_wconf 83' lang='grc' dir='ltr'><strong><em>μεμνῆ-</em></strong></span> 
     </span>
     <span class='ocr_line' id='line_1_18' title="bbox 149 2002 1101 2090; baseline -0.001 -19"><span class='ocrx_word' id='word_1_135' title='bbox 149 2012 238 2072; x_wconf 90' lang='grc' dir='ltr'><strong><em>σθαι.</em></strong></span> <span class='ocrx_word' id='word_1_136' title='bbox 263 2007 318 2073; x_wconf 90' lang='grc' dir='ltr'><strong><em>και</em></strong></span> <span class='ocrx_word' id='word_1_137' title='bbox 328 2008 464 2074; x_wconf 81' lang='grc' dir='ltr'><strong><em>τοιαῦτα</em></strong></span> <span class='ocrx_word' id='word_1_138' title='bbox 476 2009 531 2074; x_wconf 84' lang='grc' dir='ltr'><strong><em>καί</em></strong></span> <span class='ocrx_word' id='word_1_139' title='bbox 541 2014 685 2075; x_wconf 82' lang='grc' dir='ltr'><strong><em>τοσαῦτα</em></strong></span> <span class='ocrx_word' id='word_1_140' title='bbox 695 2030 731 2073; x_wconf 88' lang='grc' dir='ltr'><strong><em>το</em></strong></span> <span class='ocrx_word' id='word_1_141' title='bbox 721 2004 873 2090; x_wconf 81' lang='grc' dir='ltr'><strong><em>πλῆθος</em></strong></span> <span class='ocrx_word' id='word_1_142' title='bbox 884 2002 969 2071; x_wconf 84' lang='grc' dir='ltr'><strong><em>κακά</em></strong></span> <span class='ocrx_word' id='word_1_143' title='bbox 988 2010 1101 2089; x_wconf 86' lang='grc' dir='ltr'><strong><em>είργα-</em></strong></span> 
     </span>
     <span class='ocr_line' id='line_1_19' title="bbox 148 2104 1100 2192; baseline 0.001 -24"><span class='ocrx_word' id='word_1_144' title='bbox 148 2105 262 2188; x_wconf 83' lang='grc' dir='ltr'><strong><em>σμόνοι</em></strong></span> <span class='ocrx_word' id='word_1_145' title='bbox 275 2110 320 2182; x_wconf 89' lang='grc' dir='ltr'><strong><em>είς</em></strong></span> <span class='ocrx_word' id='word_1_146' title='bbox 330 2104 423 2172; x_wconf 82' lang='grc' dir='ltr'><strong><em>τοῦτ’</em></strong></span> <span class='ocrx_word' id='word_1_147' title='bbox 436 2105 653 2192; x_wconf 88' lang='grc' dir='ltr'><strong><em>άναισθησίας</em></strong></span> <span class='ocrx_word' id='word_1_148' title='bbox 666 2107 720 2171; x_wconf 80' lang='grc' dir='ltr'><strong><em>καὶ</em></strong></span> <span class='ocrx_word' id='word_1_149' title='bbox 732 2105 854 2190; x_wconf 79' lang='grc' dir='ltr'><strong><em>τόλμης</em></strong></span> <span class='ocrx_word' id='word_1_150' title='bbox 864 2105 1100 2188; x_wconf 78' lang='grc' dir='ltr'><strong><em>προεληλύθα-</em></strong></span> 
     </span>
     <span class='ocr_line' id='line_1_20' title="bbox 147 2198 1112 2290; baseline 0.001 -22"><span class='ocrx_word' id='word_1_151' title='bbox 147 2223 201 2269; x_wconf 92' lang='grc' dir='ltr'><strong><em>σιν</em></strong></span> <span class='ocrx_word' id='word_1_152' title='bbox 220 2201 306 2271; x_wconf 77' lang='grc' dir='ltr'><strong><em>όόσθ’</em></strong></span> <span class='ocrx_word' id='word_1_153' title='bbox 325 2200 343 2271; x_wconf 97' lang='lat'><em>6</em></span> <span class='ocrx_word' id='word_1_154' title='bbox 361 2207 421 2290; x_wconf 74' lang='grc' dir='ltr'><strong><em>μὲν</em></strong></span> <span class='ocrx_word' id='word_1_155' title='bbox 438 2213 539 2273; x_wconf 86' lang='grc' dir='ltr'><strong><em>οίεται</em></strong></span> <span class='ocrx_word' id='word_1_156' title='bbox 557 2201 601 2272; x_wconf 77' lang='grc' dir='ltr'><strong><em>δι’</em></strong></span> <span class='ocrx_word' id='word_1_157' title='bbox 621 2207 748 2272; x_wconf 79' lang='grc' dir='ltr'><strong><em>ἐκεῖνον</em></strong></span> <span class='ocrx_word' id='word_1_158' title='bbox 758 2199 822 2287; x_wconf 82' lang='grc' dir='ltr'><strong><em>ὑφ’</em></strong></span> <span class='ocrx_word' id='word_1_159' title='bbox 835 2198 930 2287; x_wconf 74' lang='grc' dir='ltr'><strong><em>ὑμῶν</em></strong></span> <span class='ocrx_word' id='word_1_160' title='bbox 941 2203 1112 2290; x_wconf 74' lang='grc' dir='ltr'><strong><em>σωθησο-Ι</em></strong></span> 
     </span>
     <span class='ocr_line' id='line_1_21' title="bbox 147 2298 1100 2412; baseline -0.003 -45"><span class='ocrx_word' id='word_1_161' title='bbox 147 2298 268 2412; x_wconf 50' lang='grc' dir='ltr'><strong><em>σθαιμλ</em></strong></span> <span class='ocrx_word' id='word_1_162' title='bbox 281 2302 316 2371; x_wconf 76' lang='lat'><strong><em>66</em></strong></span> <span class='ocrx_word' id='word_1_163' title='bbox 326 2305 559 2392; x_wconf 82' lang='grc' dir='ltr'><strong><em>παρακάθηται</em></strong></span> <span class='ocrx_word' id='word_1_164' title='bbox 570 2305 625 2371; x_wconf 83' lang='grc' dir='ltr'><strong><em>καί</em></strong></span> <span class='ocrx_word' id='word_1_165' title='bbox 636 2300 677 2370; x_wconf 81' lang='grc' dir='ltr'><strong><em>οὐ</em></strong></span> <span class='ocrx_word' id='word_1_166' title='bbox 688 2299 883 2369; x_wconf 76' lang='grc' dir='ltr'><strong><em>καταδύεται</em></strong></span> <span class='ocrx_word' id='word_1_167' title='bbox 893 2312 961 2376; x_wconf 78' lang='grc' dir='ltr'><strong><em>τοῖς</em></strong></span> <span class='ocrx_word' id='word_1_168' title='bbox 970 2321 1100 2383; x_wconf 89' lang='grc' dir='ltr'><strong><em>πεπρα-</em></strong></span> 
     </span>
     <span class='ocr_line' id='line_1_22' title="bbox 67 2393 1099 2495; baseline 0.01 -29"><span class='ocrx_word' id='word_1_169' title='bbox 67 2421 139 2495; x_wconf 60' lang='grc' dir='ltr'><strong><em>ν183</em></strong></span> <span class='ocrx_word' id='word_1_170' title='bbox 146 2402 286 2486; x_wconf 83' lang='grc' dir='ltr'><strong><em>γμένοις.</em></strong></span> <span class='ocrx_word' id='word_1_171' title='bbox 319 2400 407 2471; x_wconf 79' lang='grc' dir='ltr'><strong><em>οὕτω</em></strong></span> <span class='ocrx_word' id='word_1_172' title='bbox 420 2402 453 2470; x_wconf 87' lang='lat'><em>6’</em></span> <span class='ocrx_word' id='word_1_173' title='bbox 466 2401 507 2470; x_wconf 83' lang='lat'><em>06</em></span> <span class='ocrx_word' id='word_1_174' title='bbox 516 2403 622 2488; x_wconf 89' lang='grc' dir='ltr'><strong><em>μόνον</em></strong></span> <span class='ocrx_word' id='word_1_175' title='bbox 634 2408 679 2480; x_wconf 90' lang='grc' dir='ltr'><strong><em>είς</em></strong></span> <span class='ocrx_word' id='word_1_176' title='bbox 688 2396 827 2487; x_wconf 77' lang='grc' dir='ltr'><strong><em>χρήματ’</em></strong></span> <span class='ocrx_word' id='word_1_177' title='bbox 842 2395 993 2484; x_wconf 68' lang='grc' dir='ltr'><strong><em>ἀναιδὴς,</em></strong></span> <span class='ocrx_word' id='word_1_178' title='bbox 1013 2393 1099 2465; x_wconf 71' lang='grc' dir='ltr'><strong><em>α’ίίᾶ</em></strong></span> 
     </span>
     <span class='ocr_line' id='line_1_23' title="bbox 147 2497 1098 2582; baseline -0.001 -18"><span class='ocrx_word' id='word_1_179' title='bbox 147 2500 201 2565; x_wconf 82' lang='grc' dir='ltr'><strong><em>καί</em></strong></span> <span class='ocrx_word' id='word_1_180' title='bbox 217 2499 331 2578; x_wconf 88' lang='grc' dir='ltr'><strong><em>σκαιός</em></strong></span> <span class='ocrx_word' id='word_1_181' title='bbox 348 2502 436 2567; x_wconf 79' lang='grc' dir='ltr'><strong><em>ἐστιν</em></strong></span> <span class='ocrx_word' id='word_1_182' title='bbox 454 2499 531 2567; x_wconf 71' lang='grc' dir='ltr'><strong><em>ὥστ’</em></strong></span> <span class='ocrx_word' id='word_1_183' title='bbox 552 2497 613 2567; x_wconf 81' lang='grc' dir='ltr'><strong><em>οὐκ</em></strong></span> <span class='ocrx_word' id='word_1_184' title='bbox 632 2499 722 2567; x_wconf 78' lang='grc' dir='ltr'><strong><em>οἶδεν</em></strong></span> <span class='ocrx_word' id='word_1_185' title='bbox 733 2503 853 2581; x_wconf 80' lang='grc' dir='ltr'><strong><em>ἐκεῖνο,</em></strong></span> <span class='ocrx_word' id='word_1_186' title='bbox 876 2497 927 2565; x_wconf 84' lang='grc' dir='ltr'><strong><em>ότι</em></strong></span> <span class='ocrx_word' id='word_1_187' title='bbox 938 2501 1098 2582; x_wconf 80' lang='grc' dir='ltr'><strong><em>στέφανοι</em></strong></span> 
     </span>
     <span class='ocr_line' id='line_1_24' title="bbox 146 2594 1099 2684; baseline 0 -23"><span class='ocrx_word' id='word_1_188' title='bbox 146 2599 207 2680; x_wconf 82' lang='grc' dir='ltr'><strong><em>μέν</em></strong></span> <span class='ocrx_word' id='word_1_189' title='bbox 224 2601 306 2663; x_wconf 83' lang='grc' dir='ltr'><strong><em>είσιν</em></strong></span> <span class='ocrx_word' id='word_1_190' title='bbox 325 2594 443 2681; x_wconf 78' lang='grc' dir='ltr'><strong><em>άρετης</em></strong></span> <span class='ocrx_word' id='word_1_191' title='bbox 458 2611 609 2682; x_wconf 77' lang='grc' dir='ltr'><strong><em>σημεῖον,</em></strong></span> <span class='ocrx_word' id='word_1_192' title='bbox 634 2599 750 2684; x_wconf 86' lang='grc' dir='ltr'><strong><em>φιάλαι</em></strong></span> <span class='ocrx_word' id='word_1_193' title='bbox 769 2598 804 2665; x_wconf 76' lang='lat'><strong><em>66</em></strong></span> <span class='ocrx_word' id='word_1_194' title='bbox 825 2599 879 2664; x_wconf 85' lang='grc' dir='ltr'><strong><em>καλ</em></strong></span> <span class='ocrx_word' id='word_1_195' title='bbox 899 2595 939 2663; x_wconf 87' lang='grc' dir='ltr'><strong><em>τά</em></strong></span> <span class='ocrx_word' id='word_1_196' title='bbox 961 2603 1099 2663; x_wconf 80' lang='grc' dir='ltr'><strong><em>τοιαῦτα</em></strong></span> 
     </span>
     <span class='ocr_line' id='line_1_25' title="bbox 146 2688 1098 2782; baseline 0.002 -25"><span class='ocrx_word' id='word_1_197' title='bbox 146 2690 310 2778; x_wconf 82' lang='grc' dir='ltr'><strong><em>πλούτου,</em></strong></span> <span class='ocrx_word' id='word_1_198' title='bbox 332 2695 386 2760; x_wconf 83' lang='grc' dir='ltr'><strong><em>καὶ</em></strong></span> <span class='ocrx_word' id='word_1_199' title='bbox 404 2698 565 2779; x_wconf 81' lang='grc' dir='ltr'><strong><em>στέφανος</em></strong></span> <span class='ocrx_word' id='word_1_200' title='bbox 576 2695 636 2781; x_wconf 72' lang='grc' dir='ltr'><strong><em>μὲν</em></strong></span> <span class='ocrx_word' id='word_1_201' title='bbox 647 2696 749 2779; x_wconf 84' lang='grc' dir='ltr'><strong><em>άπας,</em></strong></span> <span class='ocrx_word' id='word_1_202' title='bbox 772 2691 836 2763; x_wconf 85' lang='grc' dir='ltr'><strong><em>κάν</em></strong></span> <span class='ocrx_word' id='word_1_203' title='bbox 847 2688 1014 2782; x_wconf 80' lang='grc' dir='ltr'><strong><em>μικρόςῆ,</em></strong></span> <span class='ocrx_word' id='word_1_204' title='bbox 1035 2692 1098 2778; x_wconf 78' lang='grc' dir='ltr'><strong><em>τὴν</em></strong></span> 
     </span>
     <span class='ocr_line' id='line_1_26' title="bbox 146 2743 1098 2881; baseline 0.005 -27"><span class='ocrx_word' id='word_1_205' title='bbox 146 2797 222 2873; x_wconf 84' lang='grc' dir='ltr'><strong><em>ίσην</em></strong></span> <span class='ocrx_word' id='word_1_206' title='bbox 241 2743 430 2875; x_wconf 91' lang='grc' dir='ltr'><strong><em>φιλοτιμίαν</em></strong></span> <span class='ocrx_word' id='word_1_207' title='bbox 445 2796 510 2876; x_wconf 79' lang='grc' dir='ltr'><strong><em>ἔχει</em></strong></span> <span class='ocrx_word' id='word_1_208' title='bbox 526 2819 571 2879; x_wconf 82' lang='grc' dir='ltr'><strong><em>τῳ</em></strong></span> <span class='ocrx_word' id='word_1_209' title='bbox 558 2793 736 2881; x_wconf 79' lang='grc' dir='ltr'><strong><em>μεγάλῳ,</em></strong></span> <span class='ocrx_word' id='word_1_210' title='bbox 759 2794 932 2880; x_wconf 82' lang='grc' dir='ltr'><strong><em>ἐκπάματα</em></strong></span> <span class='ocrx_word' id='word_1_211' title='bbox 951 2788 1098 2878; x_wconf 56' lang='lat'><em>‹6661›-</em></span> 
     </span>
     <span class='ocr_line' id='line_1_27' title="bbox 145 2887 1096 2979; baseline 0.006 -27"><span class='ocrx_word' id='word_1_212' title='bbox 145 2887 313 2974; x_wconf 80' lang='grc' dir='ltr'><strong><em>μιατηρια</em></strong></span> <span class='ocrx_word' id='word_1_213' title='bbox 318 2916 338 2975; x_wconf 90' lang='grc' dir='ltr'><strong><em>η</em></strong></span> <span class='ocrx_word' id='word_1_214' title='bbox 357 2887 396 2957; x_wconf 88' lang='grc' dir='ltr'><strong><em>τά</em></strong></span> <span class='ocrx_word' id='word_1_215' title='bbox 414 2897 551 2958; x_wconf 85' lang='grc' dir='ltr'><strong><em>τοιαῦτα</em></strong></span> <span class='ocrx_word' id='word_1_216' title='bbox 567 2891 732 2975; x_wconf 80' lang='grc' dir='ltr'><strong><em>κτήματα,</em></strong></span> <span class='ocrx_word' id='word_1_217' title='bbox 753 2890 814 2958; x_wconf 79' lang='grc' dir='ltr'><strong><em>ἐάν</em></strong></span> <span class='ocrx_word' id='word_1_218' title='bbox 831 2918 854 2979; x_wconf 96' lang='grc' dir='ltr'><strong><em>μ</em></strong></span> <span class='ocrx_word' id='word_1_219' title='bbox 856 2890 1096 2978; x_wconf 75' lang='grc' dir='ltr'><strong><em>ὲνὺπερβάλλη</em></strong></span> 
     </span>
     <span class='ocr_line' id='line_1_28' title="bbox 144 2976 1096 3076; baseline 0.004 -24"><span class='ocrx_word' id='word_1_220' title='bbox 144 3011 189 3074; x_wconf 81' lang='grc' dir='ltr'><strong><em>τῳ</em></strong></span> <span class='ocrx_word' id='word_1_221' title='bbox 178 2985 339 3074; x_wconf 79' lang='grc' dir='ltr'><strong><em>πλήθει,</em></strong></span> <span class='ocrx_word' id='word_1_222' title='bbox 352 2988 500 3056; x_wconf 80' lang='grc' dir='ltr'><strong><em>πλούτου</em></strong></span> <span class='ocrx_word' id='word_1_223' title='bbox 511 3015 584 3055; x_wconf 86' lang='grc' dir='ltr'><strong><em>τινα</em></strong></span> <span class='ocrx_word' id='word_1_224' title='bbox 574 2976 697 3068; x_wconf 80' lang='grc' dir='ltr'><strong><em>δόξαν</em></strong></span> <span class='ocrx_word' id='word_1_225' title='bbox 708 3001 947 3076; x_wconf 82' lang='grc' dir='ltr'><strong><em>προσετρίψατο</em></strong></span> <span class='ocrx_word' id='word_1_226' title='bbox 959 3004 1028 3068; x_wconf 81' lang='grc' dir='ltr'><strong><em>τοῖς</em></strong></span> <span class='ocrx_word' id='word_1_227' title='bbox 1037 3015 1096 3057; x_wconf 90' lang='grc' dir='ltr'><strong><em>κε-</em></strong></span> 
     </span>
     <span class='ocr_line' id='line_1_29' title="bbox 144 3084 1094 3176; baseline 0.006 -28"><span class='ocrx_word' id='word_1_228' title='bbox 144 3087 331 3174; x_wconf 81' lang='grc' dir='ltr'><strong><em>κτημένοις,</em></strong></span> <span class='ocrx_word' id='word_1_229' title='bbox 350 3084 449 3156; x_wconf 78' lang='grc' dir='ltr'><strong><em>ἐάνθ’</em></strong></span> <span class='ocrx_word' id='word_1_230' title='bbox 465 3091 516 3154; x_wconf 79' lang='grc' dir='ltr'><strong><em>ἐπὶ</em></strong></span> <span class='ocrx_word' id='word_1_231' title='bbox 527 3101 655 3174; x_wconf 84' lang='grc' dir='ltr'><strong><em>μικροις</em></strong></span> <span class='ocrx_word' id='word_1_232' title='bbox 666 3090 869 3176; x_wconf 84' lang='grc' dir='ltr'><strong><em>σεμνύνηταί</em></strong></span> <span class='ocrx_word' id='word_1_233' title='bbox 877 3115 940 3174; x_wconf 86' lang='grc' dir='ltr'><strong><em>τις,</em></strong></span> <span class='ocrx_word' id='word_1_234' title='bbox 959 3087 1094 3156; x_wconf 87' lang='grc' dir='ltr'><strong><em>τοσοῦτ’</em></strong></span> 
     </span>
    </p>
   </div>
   <div class='ocr_carea' id='block_1_3' title="bbox 87 3281 1095 3590">
    <p class='ocr_par' dir='ltr' id='par_1_3' title="bbox 87 3281 1095 3567">
     <span class='ocr_line' id='line_1_30' title="bbox 119 3281 1095 3369; baseline 0.005 -23"><span class='ocrx_word' id='word_1_235' title='bbox 119 3339 123 3346; x_wconf 89' lang='grc'>.</span> <span class='ocrx_word' id='word_1_236' title='bbox 142 3283 240 3355; x_wconf 91' lang='grc' dir='ltr'><strong><em>καλος</em></strong></span> <span class='ocrx_word' id='word_1_237' title='bbox 258 3281 341 3362; x_wconf 83' lang='grc' dir='ltr'><strong><em>πρὸς</em></strong></span> <span class='ocrx_word' id='word_1_238' title='bbox 358 3285 469 3360; x_wconf 79' lang='grc' dir='ltr'><strong><em>ἔδοξεν</em></strong></span> <span class='ocrx_word' id='word_1_239' title='bbox 480 3281 572 3350; x_wconf 77' lang='grc' dir='ltr'><strong><em>εἶναι.</em></strong></span> <span class='ocrx_word' id='word_1_240' title='bbox 608 3308 705 3364; x_wconf 86' lang='grc' dir='ltr'><strong><em>ουτος</em></strong></span> <span class='ocrx_word' id='word_1_241' title='bbox 714 3291 831 3351; x_wconf 89' lang='grc' dir='ltr'><strong><em>τοινυν</em></strong></span> <span class='ocrx_word' id='word_1_242' title='bbox 843 3281 1024 3351; x_wconf 81' lang='grc' dir='ltr'><strong><em>άνελάντά</em></strong></span> <span class='ocrx_word' id='word_1_243' title='bbox 1036 3293 1095 3369; x_wconf 84' lang='grc' dir='ltr'><strong><em>τῆς</em></strong></span> 
     </span>
     <span class='ocr_line' id='line_1_31' title="bbox 142 3373 1092 3470; baseline 0.012 -30"><span class='ocrx_word' id='word_1_244' title='bbox 142 3373 238 3461; x_wconf 76' lang='grc' dir='ltr'><strong><em>δόξης</em></strong></span> <span class='ocrx_word' id='word_1_245' title='bbox 258 3375 406 3464; x_wconf 80' lang='grc' dir='ltr'><strong><em>κτήματα</em></strong></span> <span class='ocrx_word' id='word_1_246' title='bbox 427 3378 467 3445; x_wconf 84' lang='grc' dir='ltr'><strong><em>τά</em></strong></span> <span class='ocrx_word' id='word_1_247' title='bbox 489 3388 551 3447; x_wconf 84' lang='grc' dir='ltr'><strong><em>τοῦ</em></strong></span> <span class='ocrx_word' id='word_1_248' title='bbox 568 3380 714 3449; x_wconf 80' lang='grc' dir='ltr'><strong><em>πλούτου</em></strong></span> <span class='ocrx_word' id='word_1_249' title='bbox 730 3388 901 3470; x_wconf 85' lang='grc' dir='ltr'><strong><em>πεποίηται</em></strong></span> <span class='ocrx_word' id='word_1_250' title='bbox 918 3408 1020 3469; x_wconf 92' lang='grc' dir='ltr'><strong><em>μικρα</em></strong></span> <span class='ocrx_word' id='word_1_251' title='bbox 1008 3381 1092 3451; x_wconf 82' lang='grc' dir='ltr'><strong><em>καὶ</em></strong></span> 
     </span>
     <span class='ocr_line' id='line_1_32' title="bbox 87 3468 1093 3590; baseline 0.008 -48"><span class='ocrx_word' id='word_1_252' title='bbox 87 3489 134 3545; x_wconf 80' lang='lat'><strong><em>184</em></strong></span> <span class='ocrx_word' id='word_1_253' title='bbox 143 3468 289 3553; x_wconf 87' lang='grc' dir='ltr'><strong><em>αναξια</em></strong></span> <span class='ocrx_word' id='word_1_254' title='bbox 270 3500 373 3560; x_wconf 85' lang='grc' dir='ltr'><strong><em>νμοιν</em></strong></span> <span class='ocrx_word' id='word_1_255' title='bbox 404 3502 459 3544; x_wconf 90' lang='grc' dir='ltr'><strong><em>και</em></strong></span> <span class='ocrx_word' id='word_1_256' title='bbox 448 3473 542 3545; x_wconf 81' lang='grc' dir='ltr'><strong><em>ουιλ</em></strong></span> <span class='ocrx_word' id='word_1_257' title='bbox 552 3477 657 3590; x_wconf 71' lang='grc' dir='ltr'><strong><em>ίκείνῖ</em></strong></span> <span class='ocrx_word' id='word_1_258' title='bbox 670 3477 835 3566; x_wconf 59' lang='lat' dir='ltr'><strong><em>emmim</em></strong></span> <span class='ocrx_word' id='word_1_259' title='bbox 846 3505 928 3566; x_wconf 86' lang='grc' dir='ltr'><strong><em>προς</em></strong></span> <span class='ocrx_word' id='word_1_260' title='bbox 938 3479 1000 3567; x_wconf 76' lang='grc' dir='ltr'><strong><em>μλν</em></strong></span> <span class='ocrx_word' id='word_1_261' title='bbox 1010 3506 1093 3567; x_wconf 84' lang='grc' dir='ltr'><strong><em>χρη</em></strong></span> 
     </span>
    </p>
   </div>
   <div class='ocr_carea' id='block_1_4' title="bbox 292 3589 418 3625">
    <p class='ocr_par' dir='ltr' id='par_1_4' title="bbox 292 3589 418 3625">
     <span class='ocr_line' id='line_1_33' title="bbox 292 3589 418 3625; baseline 0.008 -4"><span class='ocrx_word' id='word_1_262' title='bbox 292 3622 294 3625; x_wconf 81' lang='grc'><strong><em>,</em></strong></span> <span class='ocrx_word' id='word_1_263' title='bbox 401 3589 418 3622; x_wconf 63' lang='lat'>0</span> 
     </span>
    </p>
   </div>
   <div class='ocr_carea' id='block_1_5' title="bbox 0 0 1164 3894">
    <p class='ocr_par' dir='ltr' id='par_1_5' title="bbox 0 0 1164 3894">
     <span class='ocr_line' id='line_1_34' title="bbox 0 0 1164 3894; baseline 0 4"><span class='ocrx_word' id='word_1_264' title='bbox 0 0 1164 3894; x_wconf 95' lang='lat' dir='ltr'><strong><em> </em></strong></span> 
     </span>
    </p>
   </div>
  </div>
 </body>
</html>
