2318 3894
123 194 135 215 ⁸
166 210 240 282 οι·
379 220 452 279 ιοα
492 213 907 279 Δειαοεοααονε

168 386 305 458 οὔντας
301 375 429 447 τούτων
440 372 523 443 κατὰ
535 374 675 453 τούτους
685 371 763 453 τούς
779 373 905 460 νόμους
917 377 1016 458 δίκην
1026 371 1117 439 666-

168 504 234 564 ναι,
243 470 375 544 ουδὲν
354 502 397 542 αν
405 475 558 558 προσέδει
566 476 665 541 τουδε
676 496 859 557 τουνομου
878 469 946 541 ἀλλ’
959 468 1023 539 οὐκ
1035 467 1117 539 ἀπέ-

167 602 237 662 χρη.
271 587 407 661 σημείου
424 574 475 640 δέ
498 575 621 640 ἔθεσθε
640 567 732 655 ίερόν
749 570 856 656 νόμον
873 568 966 660 αὐτῷ
982 577 1030 659 τῷ
1045 579 1116 665 θεῷ

167 676 315 760 περὶτῆς
332 675 529 756 ίερομηνιας.
561 678 595 736 εί
601 695 648 745 τις
659 659 722 734 οὖν
733 675 897 749 κακεινοις
906 683 974 747 τοις
985 675 1118 753 προϋπ-

168 774 306 856 άρχουσι
327 768 441 854 νόμοις
461 771 516 835 καλ
537 765 643 855 τούτῳ
665 772 713 854 τῷ
733 792 792 851 μετ
796 762 970 844 ’ἐκείνους
987 767 1117 833 τεθέντι

168 872 223 936 καί
235 875 316 934 πᾶσι
325 881 392 943 τοίς
403 873 530 944 λοιποῖς
541 863 609 933 ἔστ’
621 832 778 948 ένοήος,ὁ
774 889 931 943 τοιουτος
938 887 1062 946 ποτερα
1071 858 1117 951 μή

170 971 218 1055 δῷ
231 963 284 1032 διὰ
297 971 394 1033 τοῦτο
408 959 589 1050 θίκηνή”
546 990 610 1030 καν
621 967 717 1048 μείζω
729 966 961 1049 βοίηᾶικαίοιςς
978 960 1091 1049 έγῶ
1056 988 1116 1049 μεν

168 1063 258 1151 οἶμαι
272 1068 377 1148 μειζοι.

125 1173 160 1230 66
250 1161 445 1250 Απηγγελλε
455 1166 571 1228 τοινυν
581 1167 629 1238 τίς
640 1185 696 1246 μοι
707 1183 855 1241 περιιοντ
882 1184 988 1235 αυτον
998 1160 1117 1227 συλλε-

169 1287 242 1348 γειυ
252 1262 308 1337 καλ
318 1261 555 1327 πυνθάνεσθαι
573 1265 638 1326 τίσι
655 1258 788 1325 πώποτε
799 1259 1008 1345 συμβέβηκεν
1018 1253 1117 1345 ὑβρι-

169 1368 312 1448 σθῆναι,
334 1361 389 1427 καὶ
400 1362 509 1445 λέγειν
520 1356 659 1437 τούτους
675 1359 731 1424 καλ
742 1360 928 1444 διηγεῖσθαι
938 1353 1022 1443 πρὸς
1031 1352 1118 1443 ὑμᾶς

167 1460 315 1545 μέλλειν,
340 1453 428 1540 οἷον,
452 1448 480 1524 6
491 1455 609 1540 ἄνδρες
622 1453 807 1541 Ἀθηναῖοι,
828 1453 887 1523 τὸν
898 1455 1067 1542 πρόεδρον
1077 1452 1119 1522 ὅν

95 1595 103 1611 ·
169 1558 250 1624 ποτέ
257 1576 360 1639 φασιν
371 1557 408 1622 έν
419 1550 499 1640 ὑμίν
510 1550 574 1620 ὑπὸ
586 1554 784 1638 Πολυζήλου
797 1562 971 1641 πληγῆναι,
990 1555 1046 1622 καὶ
1058 1548 1117 1621 666

168 1654 381 1737 θεσμοθέτην
401 1647 438 1730 ὃς
454 1655 590 1736 ἔναγχος
609 1650 732 1738 ἐπλήγη
746 1651 808 1739 τήν
817 1649 998 1738 αὐλητρίδα
1012 1648 1118 1737 6666-

168 1750 340 1835 ροήμενος,
349 1750 403 1815 καὶ
414 1749 585 1827 τοιούτους
595 1746 752 1834 τινας,’ὡς
761 1748 820 1819 έοὶν
832 1750 974 1872 πολλοὺς
985 1750 1117 1837 ἑτέρους

169 1845 262 1917 δεινοὶ
273 1849 328 1915 καὶ
339 1845 443 1916 πολλα
455 1841 880 1938 πεπονθόταςέπιὸείξη,
857 1848 957 1936 ηττον
968 1844 1115 1935 666966’
1124 1861 1158 1915 524

124 1958 160 2014 37
168 1941 216 2024 οἷς
225 1941 287 2030 έγώ
299 1939 481 2013 6660666'
465 1951 711 2033 οργιουμένονς.
728 1949 798 2042 ἐμοὶ
810 1945 839 2015 6'
851 1973 894 2014 αν
884 1939 1114 2031 τούναντίον,

168 2070 194 2111 οι
183 2037 326 2128 ἄνδρες
342 2040 528 2130 Ἀθηναῖοι,
546 2050 669 2113 δοκεῖτε
680 2059 788 2113 ποιεῖν
799 2040 843 2112 66
855 2043 1004 2163 εἰκότος,
1022 2053 1114 2132 εἴπερ

40 2172 47 2181 ·
167 2150 229 2209 τοῦ
227 2168 335 2237 κοινη
323 2149 518 2228 βελτίστου
535 2148 584 2212 δελ
600 2147 712 2230 μέλειν
728 2142 816 2231 ὑμίν.
849 2151 897 2222 τίς
913 2142 979 2231 γὰρ
989 2140 1054 2212 οὐκ
1064 2142 1115 2213 ολ-

168 2237 255 2309 (λεν
238 2248 333 2328 υμῶν
344 2268 405 2310 του
393 2241 481 2328 μέν
495 2240 600 2310 πολλοὶ
611 2250 747 2311 τοιαῦτα
763 2250 937 2328 γίγνεσθαι
947 2238 985 2309 τὰ
996 2238 1042 2329 μή
1055 2266 1114 2309 κο-

167 2338 324 2419 λήξεσθαι
332 2337 411 2419 τούς
421 2343 704 2426 ἐξαμαρτάνοντας
714 2350 821 2408 αίτιον
831 2334 883 2426 ὂν,
894 2347 956 2418 τοῦ
965 2338 1002 2407 δέ
1012 2341 1114 2426 μηδέ·

167 2463 210 2504 να
220 2434 365 2522 ὑβρίζειν
374 2436 412 2503 τὸ
424 2439 542 2506 λοιπὸν
552 2437 588 2505 τὸ
600 2443 697 2523 δίκην
714 2435 774 2506 τὸν
792 2437 842 2508 αἐλ
858 2442 1050 2525 ληφθέντα,
1070 2434 1112 2525 ήν

166 2533 340 2618 προσήκει,
363 2531 990 2625 (λιβόναιμόνοναίτιονολνγενόμενονς
1013 2541 1045 2607 εί
1052 2535 1112 2623 μὲν

165 2637 282 2720 τοίνυν
297 2627 480 2716 ἀποτρέψαι
496 2632 657 2718 συμφέρει
672 2630 751 2713 τούς
767 2633 904 2719 ἄλλους,
925 2641 1048 2703 τοῦτον
1058 2634 1111 2703 καλ

166 2722 204 2792 δι’
214 2728 322 2793 ἐκεῖνα
334 2730 522 2814 κολαστέον,
530 2732 584 2797 καί
594 2730 722 2816 μᾶλλόν
732 2758 769 2816 γε
780 2732 910 2822 ὅσῳπερ
924 2728 967 2801 66
978 2708 1003 2820 ή
1011 2741 1110 2804 πλείω

165 2825 220 2892 καλ
231 2829 342 2910 μείζω·
364 2831 395 2893 εί
404 2828 440 2892 δὲ
450 2833 632 2909 παροξῦναι
642 2831 696 2898 καί
708 2839 827 2898 τοῦτον
837 2833 893 2898 καί
901 2830 1039 2917 πάντας,
1055 2833 1111 2900 ἐα-

122 2925 249 2994 38τέον.
280 2927 327 2990 ἔτι
345 2929 461 2991 τοίνυν
476 2922 550 2993 οὐδ’
564 2923 684 3013 ὁμοίαν
700 2923 806 2997 οὖσαν
822 2927 928 3017 τούτῳ
946 2925 1109 3008 κάκείνοις

84 3063 86 3068 -
164 3020 366 3107 συγγνώμην
379 3019 572 3110 εὑρήσομεν
594 3025 1109 3148 πρῶτονμὲνγολρὸτὸνθεσμο·

163 3119 421 3240 θέτηνπατοὶξας
437 3137 526 3208 τρείς
539 3121 603 3210 εἶχε
621 3125 821 3212 προιμοίσεις,
843 3129 969 3212 μέθην,
992 3122 1108 3251 ἔρωτα,

165 3212 305 3299 ἄγνοιαν
317 3215 421 3284 διὰ
387 3245 424 3284 το
438 3222 577 3303 σκότους
594 3225 649 3290 καὶ
666 3223 787 3304 νυκτὸς
807 3222 844 3293 τὸ
860 3232 996 3310 πρᾶγμα
1014 3230 1110 3313 γενέ-

165 3321 255 3379 σθαι.
288 3313 390 3382 ἔπειθ’
402 3314 646 3405 ὁΠολύξηλος’
631 3332 714 3409 οργή
723 3325 778 3391 καί
795 3324 921 3408 τρόπον
932 3332 1110 3413 προπετείᾳ

165 3410 850 3515 φθάσαςτὸνλογισμὰνᾶμαρτείνέφησεν·
863 3420 905 3509 οὐ
914 3421 1112 3540 μάρέχθοόε
