2318 3894
150 228 212 295 οοε
272 205 280 219 ’
340 229 462 287 xxxw.
484 223 899 327 Δααοεοηαοεε

150 396 308 497 κισχιλίας
319 386 464 472 δραχμάς
475 381 652 465 ἀποτίνειν
663 385 706 452 σύ
718 386 754 454 δὲ
763 391 862 453 τούτο
872 383 933 470 μὲν
946 393 1004 472 τῆς
1015 405 1101 472 συγ-

150 493 282 575 γραφῆς
298 512 339 554 ου
328 483 558 603 ’λαμβάνεις,
569 483 856 570 παραβεβηκάςδ
869 481 975 563 εύθύς
991 483 1100 570 ἐξάρ-

22 650 32 665 „
151 595 210 674 γῆς
225 582 332 654 κοιλ
295 610 336 652 τα
352 579 501 677 χρήματα
518 578 580 650 ούκ
597 585 775 668 ἐνθέμενος
788 579 1004 670 ἀμφισβητεῖς
1016 582 1100 668 πρὸς
1110 608 1153 664 9η

152 690 189 754 ἓν
200 689 302 808 ῥῆμα
299 691 368 751 τῶν
379 686 415 749 ἐν
426 689 466 769 τῇ
479 687 685 766 συγγραφῇ,
685 681 740 748 καλ
750 676 838 748 τοῦτ’
845 679 1028 802 &made
1035 680 1101 753 αύ-

150 787 215 864 τός
239 782 338 877 ὁπότε
348 781 412 867 γάρ
425 783 462 848 ἐν
471 805 517 868 τῳ
506 778 693 868 Βοσπόρῳ
705 805 770 866 φης
776 776 825 865 μὴ
842 777 883 847 τά
894 779 1100 866 χρήματυ-
1019 776 1100 849 ’τι-ἐ

78 946 81 951 ,
150 888 275 952 θέσθαι
293 888 338 960 είς
354 907 417 966 την
434 885 537 963 ναόν,
552 875 644 947 ἀλλά
658 904 695 948 το
685 877 906 968 χρυσίουτῳ
895 879 1136 967 ναυκλήρῳ,Ι

149 979 350 1065 ἀποδοῦναι,
367 985 401 1046 τί
409 985 456 1047 ε”τι
467 979 541 1062 περὶ
551 985 610 1064 τῆς
619 977 702 1056 νεός
713 979 870 1063 διαλέγεις
890 975 932 1045 ού
944 973 1008 1065 γάρ
1020 1004 1099 1063 μετ-

107 1098 141 1153 34
152 1081 289 1164 ἔσχηκας
305 1103 366 1145 του
353 1075 547 1145 κινδύνου
563 1073 616 1143 διά
633 1101 670 1142 το
660 1071 963 1163 μηδλνένθέσθαι.
980 1075 1094 1160 ,καλ“
1059 1102 1097 1143 το

31 1210 44 1242 ,·
151 1177 212 1264 μέν
223 1184 365 1260 πρῶτον,
379 1167 412 1242 οἶ·
418 1173 538 1262 ἄνδρες
546 1171 730 1259 Ἀθηναῖοι,
743 1171 897 1260 ὥρμησεν
908 1175 961 1242 ἐπὶ
971 1175 1098 1262 ταύτην

150 1274 355 1368 τηησκῆύιυ,
367 1270 411 1350 οἱς
420 1274 644 1358 ἐντεθειμένος
654 1269 694 1340 τά
705 1271 852 1359 χρήματα
863 1279 908 1351 είς
918 1270 981 1359 την
992 1282 1096 1341 ναῦν·

57 1401 60 1405 ·
150 1372 260 1460 ἐπειδὴ
287 1373 323 1442 δὲ
343 1380 442 1441 τοῦτο
464 1375 500 1439 ἐκ
522 1378 656 1438 πολλῶν
680 1375 816 1457 ἔμελλεν
834 1370 1097 1458 ἐλεγχθήσεσθαι

149 1473 370 1558 ψευδόμενος,
389 1476 429 1538 ,ἐκ
448 1496 483 1538 τε
505 1477 563 1555 τῆς
585 1466 781 1555 ἀπογραφῆς
804 1475 861 1555 τῆς
877 1471 914 1536 έν
931 1469 1096 1560 Βοσπόρῳ

150 1572 240 1657 παρὰ
255 1587 323 1649 τοῖς
342 1573 576 1655 ἐλλιμενισταῖς
592 1570 648 1635 καὶ
663 1565 728 1635 ὑπὸ
748 1575 816 1635 τάν
833 1569 870 1634 έν
885 1574 931 1656 τῷ
949 1569 1094 1657 ἐμπορίῳ

149 1668 400 1754 ἐπιδημούντων
410 1667 492 1733 κατά
503 1663 563 1733 τόν
573 1664 677 1733 αὐτόν
688 1665 826 1751 χρόνον,
843 1671 1025 1751 τηνικαῦτα
1036 1693 1096 1752 με-

148 1765 392 1852 ταβαλλόμενος
403 1769 595 1830 συνίσταται
611 1763 691 1848 μετὰ
708 1787 768 1829 τον
755 1763 951 1849 Λάμπιδος
961 1766 1017 1831 καὶ
1028 1791 1096 1850 φη-

106 1859 372 1950 3τσλνέκείνῳ
337 1889 374 1930 το
385 1868 526 1980 χρυσίου
533 1859 795 1948 ἀποδεδωκέναι,
815 1861 952 1949 ἐφόδων
962 1861 1024 1948 μὲν
1034 1871 1096 1931 λα-

136 1960 265 2050 ,βων
231 1988 268 2029 το
279 1987 341 2047 την
352 1981 551 2046 ουγγραφην
563 1960 722 2047 κελεύειν,
734 1959 797 2029 οὐκ
810 1959 852 2028 ἀν
863 1959 1091 2048 ηγούμενοςδ’

148 2059 234 2149 ἡμᾶς
251 2057 402 2142 εὐπόρως
417 2057 613 2144 ἐξελέγξαι“
592 2080 655 2128 οσα
672 2059 769 2146 μόνοι
785 2058 868 2144 πρός
890 2057 1015 2145 αύτούς
1032 2060 1094 2129 αύ-

147 2163 199 2230 τοὶ
215 2160 382 2246 πράξειαν.
416 2156 505 2227 καί’
489 2184 507 2225 ο
524 2158 671 2246 Λάμπις,
695 2157 758 2226 ὅσα
774 2163 835 2246 μὲν
853 2158 922 2227 εἶπε
937 2158 1024 2244 πρός
1041 2159 1094 2245 ἐμε

149 2263 227 2347 πρὶν
244 2258 449 2327 ὑπὸτούτου
466 2263 710 2345 διαφθαρῆναι,
735 2256 796 2332 ούκ
814 2257 908 2337 ἐντός
924 2254 972 2324 τόν
989 2257 1094 2325 αὑτοῦ

149 2382 251 2479 φησιν
265 2364 383 2426 εἰπεῖν
406 2356 516 2443 ἐπειδη
529 2357 609 2426 δε
574 2383 612 2425 το
624 2363 763 2443 χρυσίον
773 2355 899 2444 τούμὸν
909 2360 1093 2443 ἐμερίσατο,

20 2503 24 2518 .
148 2459 206 2527 τότ
204 2455 317 2577 ’ἐητός
333 2455 420 2525 εἶναι’
430 2479 533 2542 φησιν
551 2454 657 2524 αὑτοῦ
672 2461 727 2526 καὶ
744 2456 829 2526 πάντ
829 2455 996 2543 ’ἀκριβως
1009 2483 1094 2543 μνη

148 2555 313 2640 μονεύειν.

103 2676 139 2729 36
233 2661 277 2722 Εί
280 2646 400 2739 μὲν
357 2681 466 2741 ουν,ω
455 2647 595 2740 ἀνδρες
606 2659 802 2742 δικασταὶ,’
786 2664 868 2743 εμού
879 2655 987 2742 μόνου
998 2681 1112 2723 κατε-ι

122 2804 128 2812 .
148 2753 267 2836 φρόνει
278 2754 417 2838 Λάμπις,
431 2751 531 2823 οὐδὲν
543 2751 586 2823 ἀν
596 2749 640 2842 ἦν
649 2755 860 2842 θαυμαστόν·
882 2764 948 2823 νύν
966 2753 1002 2822 δὲ
1013 2763 1096 2823 πολ-

148 2856 197 2934 λῳ
215 2849 383 2933 δεινότερα
405 2850 528 2918 τούτου
551 2856 735 2934 πέπρακται
755 2853 845 2946 αύτῷ
865 2852 947 2939 πρός
970 2852 1096 2931 πάντας

147 2946 243 3067 ὑμεῖς.
266 2974 419 3034 κηρυγμα
427 2974 493 3035 γαρ
504 2955 728 3038 ποιησαμενου
737 2956 948 3038 Παιρισαδου
959 2953 996 3020 ἐν
1006 2960 1095 3020 Βοσ

148 3046 252 3135 πόρῳ,
265 3046 324 3113 ἐάν
333 3073 382 3126 τις
392 3047 554 3135 βούληται
561 3047 761 3136 Ἀθηναζελ
731 3078 746 3119 ε
761 3078 823 3131 ςτο
813 3036 982 3124 Ἀττικόν
988 3050 1094 3137 ἐμπό-

150 3170 224 3228 ριον
235 3160 390 3231 σιτηγεῖν,
409 3145 509 3233 ἀτελη
526 3147 689 3218 τὸνσῑτον
686 3151 849 3268 ἐξάγειν,
871 3154 1042 3237 ἐπιδημῶν
1057 3153 1095 3217 ἐν

148 3267 194 3329 τῳ
182 3241 393 3329 Βοσπόρῳε
376 3268 394 3310 0
407 3244 537 3331 Λάμπις
547 3248 693 3333 ἔλαβε
658 3275 720 3335 την
738 3252 770 3329 ἐξ
754 3246 907 3334 ξαγωγην
921 3256 983 3316 τοῦ
1000 3254 1094 3317 σίτου

137 3342 203 3430 ,καί
213 3338 274 3427 την
285 3338 436 3409 ἀτέλειαν
453 3346 505 3410 ἐπὶ
515 3353 562 3433 τῳ
577 3353 636 3431 τῆς
651 3345 776 3426 πόλεως
787 3344 941 3432 ὀνόματι,
959 3353 1096 3434 γεμίσας

100 3478 115 3522 g
149 3440 185 3509 δὲ
195 3449 281 3511 υαύν
293 3439 446 3530 ,μεγάλην
463 3449 557 3512 σίτου
574 3445 727 3534 ἐκόμισεν
745 3453 791 3527 εἰς
803 3444 987 3543 ’Ἄκανθον
1000 3444 1148 3520 κάκελ918
