2318 3894
163 241 228 308 774
339 216 907 316 '777777177102077770721

164 391 271 487 μάτην
281 396 556 487 ἐρραψῳδηκότας
572 390 658 479 ημᾶς
668 396 815 479 ἔσεσθαι,
832 398 862 463 εί
871 392 904 463 δ’
918 389 981 463 οἷοι
992 410 1113 484 μισεῖν,

164 497 316 586 δίκην,’
282 525 343 566 εαυ
352 496 434 576 θεὸς
443 497 537 581 θέλη,
549 501 669 561 τοῦτον
680 492 811 561 δώσειν

137 618 155 671 3
247 603 390 666 Πολλῶν
409 596 444 661 δὲ
460 592 572 676 λόγων
588 617 604 658 ε
606 568 835 677 ίρημίυωνιιιδ
845 616 983 661 παντων
992 602 1112 681 καλως,

163 695 226 764 οὐκ
238 693 372 814 ὀκνήσω
384 692 468 777 πρός
479 715 566 775 υμας
577 714 592 756 ε
593 694 683 757 ίπεῖυ
694 716 714 757 ο
726 715 747 773 γ
744 686 838 776 ’ἐμοὶ
849 697 1010 776 φαίνεται.
1042 695 1113 779 ἐμοὶ

162 792 228 879 γὰρ
244 787 355 859 οὐδ”
339 795 454 858 οτιοῦν
471 779 618 856 ἐοικέναι
628 790 723 854 δοκεῖ
735 799 804 866 τοῖς
819 784 970 867 777077‘
953 816 971 857 ο
995 790 1113 876 παρόν

163 890 266 977 ἀγόν
301 901 451 957 σκοπεῖτε
472 883 502 953 δ
515 882 647 954 οὸτωσί.
681 882 763 969 πρὸς
780 883 889 953 ἅπαυτ
886 880 1111 973 ’ἒρχονταιτό

104 992 107 999 '
164 986 357 1073 δικαστήρια
374 990 409 1053 οί
424 988 485 1071 μὲν
502 985 652 1052 δικασταὶ
669 981 758 1066 παρὰ
776 992 838 1051 τοῦ
853 985 1043 1071 κατηγόρου
1058 988 1113 1055 καί

162 1094 224 1155 τοῦ
235 1108 420 1171 φευγουτος
427 1108 465 1150 το
485 1088 620 1167 πρᾶγμα
637 1080 869 1167 μαθησόμενοι
893 1076 1147 1170 περίοὸδεή-77

98 1242 101 1247 .
163 1209 213 1253 σει
224 1182 285 1270 τὴν
306 1189 422 1268 ψῆφον
446 1184 593 1265 ἐνεγκεῖν
611 1178 748 1271 αὐτοὺς,
771 1184 806 1247 οί
820 1176 851 1246 δ’
864 1177 1026 1248 ἀντίδικοι
1036 1179 1109 1268 μεθ’

154 1287 283 1352 ἑαυτοῦ
298 1285 414 1359 δείξων
434 1276 690 1368 ἑαότεροςόντα
716 1277 756 1345 76
775 1285 844 1345 τῶν
864 1279 980 1373 νόμων
1001 1284 1112 1348 δίκαια

89 1410 91 1425 ¹
137 1377 288 1466 λίσχυρό.
300 1378 340 1445 76
352 1376 387 1444 δὲ
397 1375 519 1443 τούτου
528 1382 590 1442 τοῦ
597 1373 887 1462 όγῶνοςπωςὲχεις
899 1377 1004 1464 οίμὲν
1016 1380 1112 1447 δικό-

163 1478 276 1556 σοντες
287 1474 380 1563 ὑμεῖς
390 1471 485 1561 ἥκετε
495 1481 624 1559 μᾶλλον
632 1471 728 1559 ἡμων
738 1481 805 1542 τῶν
815 1475 1012 1560 κατηγόρων
1022 1477 1112 1548 είδό-
1154 1502 1157 1507 “

66 1619 68 1622 ·
161 1602 213 1655 τες
224 1580 279 1644 καί
289 1573 465 1658 ὀφείλοντα
474 1579 520 1661 τῷ
532 1577 676 1662 δημοσίῳ
686 1581 805 1642 τοῦτον
821 1575 1111 1663 καὶλέγγεγριιμμέ-

161 1669 474 1753 νονίνᾶαροπόλει,
503 1666 565 1738 οὐκ
582 1667 659 1752 ἐξόν
677 1667 766 1760 αὐτῷ
790 1674 913 1756 λέγειν·
936 1670 1111 1742 7777'7777-

163 1792 243 1838 στου
254 1767 351 1856 ’ὑμῶν
361 1766 549 1853 κατηγόρου
558 1767 652 1849 τόξιν
662 1773 747 1852 ἔχειν
759 1772 813 1836 καί
829 1768 867 1838 τό
879 1779 1015 1858 πρᾶγμα
1027 1777 1111 1842 είδέ-

136 1892 232 1952 οναι,
249 1865 292 1954 μὴ
311 1875 433 1954 μαθεῖν
447 1870 586 1934 δεῖσθαι.
618 1863 636 1935 ὁ
655 1867 690 1935 δὲ
707 1869 900 1956 κρινόμενος
910 1879 978 1939 7777
989 1872 1053 1957 μὲν
1065 1877 1110 1950 είς

163 1972 328 2052 σωτηρίαν
346 1964 519 2051 φερόντων
534 1961 602 2034 ἀλλ’
615 1963 689 2033 οὐδ’
707 1963 821 2035 ὁτιοῦν
837 1967 996 2053 πάρεστιν
1012 1975 1108 2056 ἔχων,

43 2064 46 2070 ’
162 2062 204 2132 06
214 2063 291 2144 τοὺς
305 2062 389 2150 ὑπὲρ
400 2062 505 2131 αὐτοῦ
522 2072 583 2131 τοῦ
600 2065 790 2150 πράγματος
806 2065 926 2150 λόγους
947 2069 1109 2153 δικαίους,

162 2159 204 2232 06
214 2162 272 2230 τὸυ
283 2165 403 2230 ἑαυτοῦ
414 2169 489 2249 βίον
501 2159 734 2248 ἀνθρώπινον,
749 2161 811 2233 0677
823 2161 890 2231 ἄλλ’
904 2162 978 2231 οὐδ’
993 2162 1108 2233 ὁτιοῦν

162 2259 309 2347 ἀγαθόν·
326 2257 365 2328 δι’
378 2258 401 2327 6
412 2257 443 2326 δ’
456 2254 500 2326 677
517 2262 572 2328 καὶ
583 2257 660 2346 μηδ’
673 2258 787 2331 ὁτιοῦν
799 2259 925 2329 ἀδικῶν
935 2289 985 2343 τις
996 2268 1109 2349 ἔδεισε,

162 2357 215 2449 676
227 2355 322 2427 ταῦθ’
336 2349 433 2438 οὗτος
444 2367 545 2426 οίεται
557 2357 787 2443 σωθήσεσθαι·
805 2357 915 2446 ἐνγόιρ
925 2368 967 2447 τῇ
977 2369 1036 2446 τῆς
1047 2386 1109 2430 πο·

134 2465 274 2549 θυηρίας
290 2454 458 2542 ὑπερβολῇ
473 2454 535 2542 τὴν
550 2459 666 2525 ἐλπίδα
676 2465 733 2543 τῆς
743 2465 903 2543 σωτηρίας
913 2465 988 2544 ἔχει.
1020 2460 1116 2537 οὕτω,

161 2552 193 2620 δ’
205 2553 349 2639 ἐχόντων
359 2554 503 2637 τούτων,
527 2557 620 2621 δοκεῖ
633 2561 692 2639 μοί
704 2580 753 2634 τις
764 2552 825 2622 οὐκ
837 2550 881 2622 77
891 2552 1052 2641 ὁμαρτεῖν
1063 2564 1109 2630 εί-

159 2647 233 2716 πων
243 2649 294 2717 ότι
305 2651 382 2717 νυνὶ
392 2655 538 2736 κρίνεται
548 2651 608 2736 μὲν
616 2650 870 2738 Ἀριστογείτων,
888 2654 1114 2738 δοκιμάζεσθε.
1154 2715 1158 2725 .

160 2748 196 2817 δὲ
207 2749 261 2812 καὶ
271 2745 482 2813 κινδυνεύετε
491 2743 585 2832 ὑμεῖς
596 2751 670 2831 περὶ
683 2748 868 2834 δόξηςείμ
868 2748 905 2818 77
916 2746 981 2840 γὰρ
994 2748 1112 2839 ὀφθη-

160 2852 259 2911 σεσδε
277 2845 330 2912 ἐπί
347 2856 414 2923 τοϊς
430 2843 519 2912 οὕτω
537 2861 693 2966 φανεροῖς
705 2849 760 2916 καὶ
777 2777 931 2934 μεγόλοις
942 2845 1107 2936 όδικήμοι-
1108 2930 1112 2939 1
1141 2882 1145 2890 ·

159 2961 214 3009 σιν
224 2942 429 3038 ὀργιζόμενοι
441 2945 497 3012 καὶ
505 2944 762 3030 τιμωρούμενοι,
775 2947 884 3026 δόξετε
895 2944 990 3014 τοῦδ’
994 2946 1107 3036 ,ὅπερ

158 3034 239 3124 ἐστὲ,
251 3044 401 3116 δικασταὶ
413 3044 467 3111 καὶ
478 3041 624 3129 φύλακες
637 3070 704 3110 των
715 3046 829 3131 νόμων
840 2998 1106 3132 777777277767777·

123 3137 263 3226 ,7-εί·”δ”
221 3164 360 3223 ετερου
370 3167 401 3207 τι
413 3145 578 3228 περιέσται
589 3142 733 3230 τούτων,
757 3142 899 3231 ὁμηδεὶς
915 3141 1086 3232 μὸυόῖν’
1043 3174 1107 3215 ava

156 3231 213 3324 τός
227 3241 438 3322 πεποιηκέναι
448 3239 596 3324 φήσειεν,
614 3244 650 3308 ἐν
662 3241 697 3310 δὲ
706 3256 775 3321 ταῖς
786 3245 910 3330 ψήφοις
921 3241 1106 3330 εὑρεθήσε-

156 3357 226 3417 ται,
250 3333 442 3402 δέδοικα
401 3362 445 3422 μη
470 3337 588 3423 δοξητε
596 3361 659 3406 τισι
669 3368 728 3409 του
740 3340 790 3409 αεὶ
800 3340 1009 3429 βουλομενον
1020 3342 1105 3411 εἶναι

157 3451 305 3517 πονηρου
315 3456 383 3499 των
394 3436 431 3503 ἐν
443 3460 483 3523 τη
502 3434 595 3504 πόλει
612 3443 843 3527 παιδοτριβεῖν.
876 3438 1025 3525 όσδενης
1042 3447 1104 3528 μὲν
