2318 3894
322 246 465 328 RATA
492 248 738 312 Μεικιου.
946 255 1003 318 101

58 405 161 491 μόνος
173 396 273 484 οὗτος
283 402 325 472 ού
336 409 564 490 παρέπεμπεν,
585 405 654 476 ἄλλ’
667 386 860 496 άμελήσας“
845 421 936 497 υμῶν
947 414 1007 498 χά-

59 529 162 589 ρακας
173 505 230 571 καλ
240 503 432 589 βοσκήματα
449 507 503 571 καὶ
514 507 737 592 θυρώματα
714 535 758 588 ως
768 508 872 578 αύτδν
884 515 938 578 καὶ
949 512 1007 628 ξύ·

58 610 105 670 λα
109 607 158 680 είς
167 627 209 669 τα
198 599 349 686 ἔργα
312 628 352 668 τα
369 599 528 687 ἀργύρεια
545 596 688 690 ἐκόμιζε,
710 609 765 674 καὶ
774 608 1007 693 χρηματισμός,

58 726 98 769 ου
89 699 306 784 ’λειτουργία
323 704 460 784 γέγονεν
475 699 496 788 ἡ
513 712 703 788 τριηραρχία
727 729 773 793 τη)
790 706 1006 792 καταπτύστῳ
1103 766 1111 779 ,

57 800 176 886 τούτῳ.
206 794 291 884 ἄλλα
302 796 370 883 μήν
382 795 426 875 ὥς
436 797 548 884 άληθή
561 804 645 884 λέγω
656 802 789 869 σύνιστε
800 803 861 887 μὲν
871 830 911 871 τα
901 803 1007 870 πολ-

54 896 99 974 λοὶ
111 896 254 981 τούτων,
268 894 357 980 ὅμως
368 895 404 963 δὲ
414 898 468 963 ’καὶ
479 897 648 982 μάρτυρας
659 897 737 984 ὑμῖν
746 908 846 967 καλοῖ.

372 1023 380 1039 ’
413 1061 662 1123 ΜΑΡΤΤΡΕΣ.

10 1214 52 1268 [68
143 1201 260 1300 [Κλέων
270 1196 427 1302 Σουνιεύς,
442 1197 627 1303 Ἀριστοκλῆς
645 1197 821 1280 Παιανιεύς,
838 1201 1008 1305 Πάμφιλος,

99 1279 272 1388 Νικήρατος
284 1277 500 1386 Ἀχερδούσιος,
523 1280 689 1366 δλδκτήμων
705 1283 867 1387 Σφήττιος,
890 1282 989 1356 καθ’
973 1284 1008 1351 ὃν

99 1363 207 1466 καιρὸν
229 1368 262 1429 ἐκ
280 1363 404 1450 Στύρων
426 1361 605 1470 άπεπλέομεν
625 1373 711 1449 δεῦρο
732 1375 773 1449 τῷ
796 1365 887 1468 στόλῳ
910 1373 1007 1448 παντὶ,

100 1446 239 1552 ἐτύχομεν
248 1457 488 1552 τριηραρχοῦντες
500 1452 550 1513 καὶ
562 1445 644 1513 αὐτοὶ
657 1477 706 1514 και
698 1453 808 1514 Μειδ
808 1445 864 1526 αςδ
877 1459 932 1516 νῦν
931 1479 1007 1555 κρι-

100 1529 224 1636 νόμενος
241 1528 300 1596 ύτιο
289 1525 588 1620 Δημοσθένους,
563 1559 587 1596 ω
606 1541 836 1636 μαρτυροῦμεν.
851 1532 959 1612 παντὸς
976 1538 1008 1600 δὲ

99 1642 154 1680 τον
139 1613 269 1680 ’στόλου
285 1615 432 1680 πλεόντων
449 1617 480 1679 ἐν
490 1597 577 1696 τάξει,
595 1619 645 1680 καὶ
662 1644 722 1681 των
731 1643 914 1702 τριηραρχων
925 1616 1004 1720 ἕχόν-
1015 1631 1068 1687 569

99 1726 160 1763 των
171 1695 376 1802 παράγγελμα
380 1726 420 1780 μη
409 1696 633 1783 χωρίζεσθαι“
617 1727 670 1776 εως
686 1696 725 1765 διν
742 1705 828 1783 δεῦρο
845 1702 1005 1767 καταπλεύ-

100 1805 208 1886 σωμεν,
219 1786 350 1858 Μειδίας
361 1779 552 1862 δπολειφθεις
569 1810 620 1849 τον
608 1782 745 1863 στόλου,
765 1811 815 1848 και
806 1783 983 1894 γεμίσας
952 1814 1007 1868 την

100 1863 285 1944 ναύνξύλων
302 1893 353 1929 και
369 1863 507 1950 χαράκων
524 1869 575 1930 καὶ
591 1864 793 1969 βοσκημάτων
795 1894 845 1932 και
837 1868 954 1933 άλλων
964 1897 1005 1933 τι·
1082 1940 1090 1953 ,

99 1956 202 2058 νῶἳν,
199 1949 435 2013 κατέπλευσεν’
409 1975 448 2026 εις
471 1957 631 2051 Πειραιᾶ
622 1948 711 2052 μόνος
728 1945 793 2031 μεθ
811 1945 919 2056 ημὲρας
942 1951 1023 2036 δύο,

98 2035 151 2096 και
168 2027 204 2096 ού
222 2034 432 2115 συγκατέστησε
453 2027 504 2097 τὸν
526 2029 628 2097 στόλον
644 2029 715 2114 μέτδι
732 2061 790 2098 των
807 2033 905 2099 άλλων
925 2061 1005 2117 τριη-

98 2112 313 2205 σύειον]

10 2263 49 2320 69
140 2263 312 2326 Είτοίνυα
324 2248 1008 2342 ωςάληθεδς,ύάνδρεςἈθηναῖοι,οἷάπερ
1057 2293 1060 2298 ·

58 2356 158 2444 φήσει
168 2356 229 2423 καὶ·
236 2355 548 2435 καταλαζονεύσεται
559 2352 643 2440 πρός
658 2351 745 2439 ὑμᾶς
762 2351 881 2420 αὐτίκα
893 2353 932 2437 δή
944 2353 1009 2437 μά-

58 2462 100 2524 λα
106 2452 263 2539 ,τοιαῦτ’
277 2446 321 2539 ήν
338 2453 429 2543 αὐτῷ
446 2451 485 2520 τά
503 2454 797 2538 λελειτουργημένα
815 2451 870 2518 καὶ
881 2474 1008 2533 πεπρα-

46 2556 181 2641 γμένα,
202 2555 258 2618 καὶ
279 2551 323 2637 μή
344 2559 481 2618 τοιαῦτα
500 2546 553 2618 οἷα
574 2548 637 2636 ίγύ
655 2547 806 2633 δεικνύω,
825 2545 899 2615 οὐδ’
919 2545 1008 2615 οὕτω

61 2653 169 2738 δήπου
189 2649 228 2719 τό
248 2676 287 2736 γε
307 2655 425 2718 δούναι
442 2654 538 2734 δίκην
555 2641 605 2716 οὖν
621 2646 758 2734 ὕβρικεν
769 2653 927 2732 ἐκφυγεῖν
939 2661 1008 2725 ταῖς

60 2755 280 2834 λειτουργίαις
291 2752 424 2828 δίκαιος
444 2745 487 2816 δν
508 2740 561 2834 ήν.
594 2745 657 2831 ἐγώ
670 2747 733 2834 γάρ
751 2745 876 2815 οἷδ’ότι
893 2747 1008 2814 πολλοὶ
1046 2777 1050 2786 ·

62 2847 166 2916 πολλοὶ
186 2846 323 2932 κάγαθὰ
341 2845 427 2934 ὑμᾶς
448 2853 531 2914 εἰσιν
549 2848 769 2930 είργασμένοι,
792 2842 833 2912 ού
850 2844 932 2911 κατὰ
950 2842 1008 2920 τοὶς

62 2951 206 3014 Μειδίου
216 2951 431 3030 λειτουργίας,
442 2949 477 3011 οδ
484 2943 545 3030 μὲν
555 2951 736 3031 ναυμαχίας
747 2943 965 3029 νενικηκότες,
977 2945 1011 3008 οδ

64 3044 98 3112 δὲ
114 3045 227 3122 πόλεις
244 3042 429 3127 εἰληφότες,
452 3047 487 3110 οί
502 3043 537 3111 δὲ
554 3043 659 3110 πολλοὶ
677 3044 731 3109 καλ
742 3039 833 3110 καλά
851 3037 934 3125 ὑπὲρ
951 3047 1008 3125 τῆς

18 3142 188 3222 ιλθπόλεως
199 3141 380 3229 στήσαντες
389 3138 544 3228 τρόπαια·
569 3138 635 3208 ἀλλ’
654 3139 743 3226 ὅμως
753 3137 866 3207 οὐδενὶ
876 3138 1008 3206 πώποτε

66 3240 191 3309 τούτων
201 3239 578 3328 δεδύκατετήνδωρεδιν
594 3242 719 3325 ταύτην
736 3234 811 3306 οὐδ’
829 3233 872 3306 δν
888 3240 1007 3321 δοίητε,

69 3337 181 3416 ἐξεῖναι
197 3336 278 3417 τούς
294 3342 399 3416 ίδίους
415 3335 558 3424 ἐχθρούς
574 3335 719 3425 ὑβρίζειν
735 3334 847 3403 αύτῶν
870 3335 1007 3420 ἑκάστῳ,
1033 3360 1035 3366 ⁴

72 3428 155 3503 ὁπότ’
165 3431 210 3503 ἂν
220 3435 382 3523 βούληται
391 3438 446 3504 καλ
457 3433 497 3503 ὃν
507 3430 693 3522 άνδύνηται
701 3433 835 3519 τρόπον.
856 3431 933 3501 οὐδὲ
943 3427 1008 3523 γάρ
1072 3518 1081 3540 Ι
