2318 3894
153 231 196 295 ιι
233 244 237 254 ·
324 212 329 219 ’
360 235 420 292 xx.
453 224 867 293 ΔΗΜοΣωιιαονΣ

155 398 186 461 εί
198 392 260 478 μὲν
268 399 384 460 τοίνυν
406 392 555 475 ἑγκαλοόν
570 385 680 466 αὐτοῖς
695 389 799 473 λέγεις
819 378 925 457 ότι’σε
941 385 984 456 06
1001 389 1097 457 κατέ-
1132 436 1138 448 ·

156 510 280 577 στησαν
297 495 342 568 είς
358 493 534 570 κίνδυνον,
561 485 874 570 φιλοκινδυνότατος
890 485 1028 555 πάντων
1037 483 1097 566 άν-

82 602 85 609 ’
154 587 305 670 δράπων
316 584 359 652 εί·
380 591 410 652 εί
424 583 461 652 δὲ
477 582 654 669 τεκμήριον
670 596 760 651 ποιεί
766 591 826 649 τοῦ
835 579 875 650 τά
888 587 997 651 δίκαια
1009 589 1098 670 είρη-

155 688 267 766 κέναι,
288 689 364 751 λίαν
382 679 505 768 εὔηθες
523 694 633 760 ποιεῖς.
665 688 698 748 τί
705 678 769 766 γάρ
781 682 879 749 ἕνεκα
888 681 1013 750 τούτου
1022 689 1098 770 βελ-

154 790 235 851 τίων
245 776 313 848 ἔσθ’
327 777 344 847 ὁ
357 779 475 865 νόμος,
494 789 527 848 εί
540 774 619 869 τιςῆ
632 777 838 865 τετελεύτηκε
847 786 916 846 των
927 783 1098 865 γραψαμί-
1139 774 1142 780 ’

153 906 224 948 νων
236 881 316 965 πρὶν
327 884 514 962 εἰσελθεῖν,
527 873 549 964 ἢ
560 878 708 955 πεισιῗλς
722 873 789 943 ὑπό
809 884 873 943 σοῦ
886 876 1096 962 διεγράψμτο,

153 973 246 1064 ἢκαὶ
263 975 349 1054 όλως
366 973 431 1042 ὑπό
451 982 514 1042 σοῦ
535 975 806 1062 παρεσκευάσθη;
827 971 910 1043 άλλά
920 982 1026 1043 ταῦτα
1037 977 1097 1062 μὲν,

113 1115 119 1128 ·
154 1072 232 1143 οὐδὲ
243 1077 351 1158 λέγειν
361 1072 472 1141 καλόν.
549 1127 551 1133 .
585 1122 589 1127 -

39 1174 43 1183 ’
94 1194 145 1250 146
228 1169 401 1259 Ἤιρηνται
423 1170 459 1237 δὲ
480 1196 525 1237 τοι
546 1169 638 1259 νόμω
658 1160 831 1255 σύνδικοι,
847 1172 902 1239 καὶ
921 1168 1053 1256 μάλισθ’
1066 1175 1101 1250 oc

154 1273 256 1339 δεινοὶ
273 1273 381 1354 λέγειν
397 1267 534 1356 άνδρες,
556 1268 737 1354 Λεωδάμας
752 1265 928 1353 Ἀχαρνεός
941 1270 996 1337 καὶ
1009 1266 1099 1353 Ἀρι-

153 1375 288 1453 στοφῶν
302 1365 463 1454 Ἀζηνιεύς
483 1369 538 1435 καί
547 1365 780 1454 Κηφισόδοτος
795 1368 831 1434 ἐκ
841 1371 1024 1454 Κεραμέων
1040 1370 1097 1437 καλ

151 1474 288 1546 Δεινίας
304 1465 454 1551 Ἐρχιεύς.
496 1461 518 1532 6
536 1463 575 1551 δὴ
594 1461 1097 1552 πρόςτοάτουςόπολαμβάνονί

152 1560 196 1632 άν
218 1561 366 1648 εἰκότως,
389 1559 569 1645 άκοάσατε,
591 1564 646 1629 κοιλ
667 1576 816 1630 σκοπεῖτε
836 1559 970 1648 άνὺμτν
985 1569 1096 1632 δίκαια

153 1666 317 1746 φαίνηται.
365 1666 499 1741 πρῶτον
527 1657 589 1743 μὲν
606 1655 699 1744 πρός
722 1657 955 1745 Λεωδάμαντα.
998 1651 1097 1741 οὗτος

151 1757 317 1844 ἐγράψατο
336 1754 398 1841 τὴν
410 1761 561 1843 Χαβρίου
582 1754 726 1843 δωρεάν,
749 1760 786 1826 ἐν
805 1748 929 1844 ᾖτοῦί
940 1763 1048 1827 ἔνεστι
1056 1756 1095 1827 τό

151 1882 210 1941 της
220 1851 366 1932 ατελειας
380 1879 447 1920 των
458 1856 572 1944 ἐκείνω
584 1880 616 1922 τι
638 1857 826 1942 δοθέντων,
849 1857 904 1924 καὶ
915 1880 999 1942 προς
1009 1882 1098 1942 νμας

93 1949 315 2041 147είσελδάν
331 1947 472 2038 ἡττήθη
496 1979 513 2020 ο
515 1920 692 2040 ίυόμοιδ’
711 1951 773 2023 οὐκ
791 1956 868 2022 ἐωσι
878 1955 928 2033 δὶς
943 1977 1027 2040 προς
1036 1952 1151 2031 τονεου

151 2049 259 2118 αὐτόν
278 2054 353 2136 περὶ
363 2077 433 2119 των
448 2048 562 2118 αὐτῶν
580 2050 658 2118 οὔτε
669 2037 817 2129 δίκας”
773 2077 834 2119 ουτ
838 2049 1009 2132 ἐόδόνας
1020 2047 1098 2120 οὔτε

152 2140 360 2215 διαδικασίαν
381 2146 441 2216 οότ
445 2145 554 2216 ’άλλο
575 2155 687 2218 τοιοῠτ
691 2146 858 2216 ὀὐδενί
828 2175 919 2217 εναι.
951 2148 1098 2234 χωρὶςδὲ

150 2245 505 2335 τοάτωνάτοπάτατον
516 2241 559 2314 άν
572 2245 706 2314 πάντων
717 2253 878 2334 συμβαίη,
896 2251 930 2314 ἐί
945 2244 1019 2314 τότε
1035 2247 1099 2332 μὲν

152 2343 192 2413 τά
201 2346 352 2433 Χαβρίου
371 2342 446 2429 παρ’
458 2343 537 2432 ὑμῖν
554 2351 634 2429 ἔργα
651 2349 760 2431 μεῖζον
779 2354 870 2430 ίσχυε
881 2343 1097 2412 τεόνΛεωδά

152 2469 275 2529 μαντος
285 2444 413 2528 λόγων,
431 2442 542 2528 ἐπειδη
555 2443 590 2509 δὲ
601 2442 705 2510 τοῦτοί
716 2467 751 2510 τε
762 2439 902 2530 ὑπάρχει
911 2442 1016 2511 καίτοι
1027 2467 1113 2520 των,

153 2539 264 2608 ἄλλων
285 2538 469 2624 εόεργετων
487 2542 699 2624 προσγέγονε,
721 2545 901 2639 τηνικαῦτα
918 2540 1096 2626 σύμπαντα

92 2644 255 2705 148ταῦτα
276 2632 499 2721 άσθενόστερα
520 2643 588 2703 τω”ν
607 2637 729 2704 τούτου
745 2638 855 2724 λογων
865 2643 1004 2724 γενοιτο
1039 2640 1097 2707 καὶ

151 2759 218 2820 μην
238 2732 321 2820 πρός
338 2757 376 2816 γε
395 2730 638 2819 Ἀριστοφωυτα
654 2734 760 2804 πολλά
776 2739 832 2804 καὶ
849 2730 976 2803 δί’και”
954 2762 998 2803 αν
1009 2739 1097 2822 ἔχειν

152 2828 365 2916 είπελνοῖμαι
389 2821 494 2908 οὗτος
507 2831 621 2920 εὕρετο
632 2860 694 2921 την
711 2831 842 2921 δωρεάν
853 2831 925 2921 παρ’
939 2831 1038 2921 ὑμῖν,
1058 2838 1096 2902 ἐν

150 2920 264 3016 ᾗτοότ
264 2925 372 3014 ’ἕνην
404 2931 460 2996 καί
479 2927 610 3002 οότοῦτ
608 2928 780 3020 ’ἐπιτιμό
812 2929 996 3020 δεῑγάρέφ’
1014 2924 1098 3018 ὑμῖν

151 3025 235 3094 εἶναι
246 3025 425 3094 διδόναι
389 3052 428 3094 τα
440 3024 564 3114 ὑμέτερ’
578 3027 718 3098 αὐτῶνο
720 3024 802 3110 ἷςάν
812 3031 991 3117 βούλησθε.
1024 3025 1095 3097 ἄλλ’

150 3123 258 3192 ἐκεινο
267 3151 306 3210 γε
322 3122 395 3210 οάχλ
412 3128 540 3196 δίκαιον
550 3126 637 3196 είναί
650 3155 750 3214 φημι,
773 3125 810 3196 τό
828 3126 884 3197 ὅτε
903 3127 965 3215 μὲν
986 3125 1096 3216 τούτῳ

149 3218 244 3289 ταῦτ’
257 3227 391 3306 ἔμελλεν
405 3219 566 3310 ὑπάρχειν
583 3222 721 3313 λαβόντὶ
736 3228 840 3312 μηδὲν
854 3223 1009 3312 ἡγεῖσθαι
1025 3228 1096 3292 δει-

150 3319 222 3402 νόν,
240 3317 350 3405 ἐπειδὴ
368 3318 399 3403 δ’
414 3322 534 3408 ἑτέροις
545 3327 690 3409 δέδοται,
712 3322 883 3408 τηνικαῦτ’
895 3321 1094 3409 άγανακτείν

90 3433 141 3490 149
149 3419 203 3486 καὶ
220 3423 352 3487 πείθειν
366 3416 453 3503 ὑμᾶς
463 3419 656 3506 άφελίσθαι.
688 3419 819 3509 καὶμὴν
835 3419 1094 3510 κάλ”είγελάργωΙ
