2318 3894
223 314 225 319 ἲ
289 226 431 288 ΚΑΤΑ
455 224 846 287 υιιιοιιεκυονα.
982 220 1041 286 εει

101 376 163 456 τοῦ
172 384 371 454 καθιστάναι
381 381 462 462 τούς
473 379 596 460 αὐτοὺς
612 381 751 471 τούτους
767 383 942 468 ἐγγυητὰς,
960 379 1044 451 ἀλλά

100 479 144 572 μὴ
165 490 249 564 δεῑνς
274 491 377 551 ταῦτα
397 487 514 550 τοίνυν
530 493 708 565 κατηγρρεί
724 479 927 565 Τιμοκράτης
945 485 1065 567 Τιμο-Ι

100 585 260 669 κράτους,
284 579 326 649 οά
336 578 524 663 Διόδώρος,
547 574 622 646 οὐδ’
635 575 734 654 ἀλλος
750 574 848 662 ὑμῶν
864 573 973 654 οὐδεὶς
989 600 1046 644 το-

58 681 233 752 65σούτών
245 673 550 762 ἀντώυτδπληθος.
577 680 686 742 καίτοι
695 679 782 752 τίνος
793 669 837 740 ἀν
857 670 936 759 ὑμίν
960 671 1046 741 ἀπο-

100 779 345 863 σχέσθαιδοκτί
353 769 551 859 λη’μματοςῆ
557 767 898 856 τίποιείνάνόκνῆσαι
907 775 1046 858 κέρδους

101 877 217 954 ἕνεκα,
235 871 323 948 ὅστις
335 874 467 938 ἐναντία
478 868 578 948 αὐτὸς
589 867 680 957 αὑτῷ
690 879 886 956 νομοθετεῖν
895 867 1044 956 ἠξίωσεν,

102 971 182 1040 οὐδὲ
202 983 269 1048 τοῖς
290 965 401 1046 ἀλλοις
421 975 489 1035 τών
509 969 624 1053 νόμων
641 967 795 1047 ἐώντωνς·
817 971 887 1055 ἐμοί
904 966 1046 1055 μὲνγὰρ
1131 1023 1137 1032 .

101 1068 184 1140 ,ἕνεκ’
198 1066 366 1144 ἀναιδείας
377 1062 394 1133 ὁ
407 1073 558 1144 τοιοῦτος
569 1069 737 1134 δοκείπάν
746 1061 791 1134 ἀν
802 1068 938 1152 ἑτοίμως
948 1071 1048 1151 ἔργον
1132 1122 1137 1131 .

104 1173 244 1249 ποιησαι.
264 1160 374 1248 ώσπερ
385 1167 516 1248 τοίνυν,
529 1154 557 1230 ώ
567 1161 881 1248 ἀνδρεςἉθηυαίοι,
893 1170 963 1230 τών
973 1167 1050 1248 περὶ

104 1263 207 1330 τάλλα
226 1260 424 1344 κακούργων
445 1258 524 1338 τούς
543 1257 788 1346 ὁμολογοῦντας
809 1259 892 1328 ἀνευ
911 1268 1049 1347 κρίσεως

105 1358 254 1438 κολάζειν
265 1361 299 1425 οί
306 1356 404 1443 νόμοι
420 1357 633 1440 κελεύουσιν,
655 1358 745 1451 οὕτω,
755 1363 884 1427 δίκαιον
897 1358 1049 1433 καὶτού-

103 1483 172 1542 του,
186 1453 297 1542 ἐπειδὴ
307 1455 385 1535 τούς
395 1456 519 1541 νόμους
530 1465 728 1541 κακουργών
738 1466 895 1543 εἴληπται,
913 1455 957 1542 μή
970 1457 1049 1524 δόν-

103 1583 160 1634 τας
182 1555 284 1641 λόγον
306 1552 384 1641 μηδ’
408 1553 674 1640 ἐθελήσαντας’
653 1563 795 1624 ακοῦσαι
815 1560 1048 1640 καταψηφίσα-

104 1660 197 1721 σθαι·
208 1652 1049 1750 ώμολόγηκεγδρ[θατίρμλτῷπροτέρμνόμῳένανὴ

103 1758 174 1818 τίον
184 1751 281 1817 τόνδε
294 1751 397 1828 τιθείς
408 1748 568 1821 ἀδικεῖν..

61 1868 97 1922 66
180 1845 251 1915 Ὅτι
262 1846 322 1928 μὲν
332 1871 368 1912 το
371 1852 446 1914 ίνυν
456 1851 511 1915 καὶ
523 1851 612 1933 παρὰ
622 1851 763 1930 τούτους
773 1875 850 1929 τους
859 1821 983 1936 νόμους
993 1851 1048 1918 καί

106 1942 194 2031 παρά
206 1941 284 2022 τούς
295 1948 567 2031 προειρημένους,
584 1949 639 2014 καὶ
651 1972 773 2035 μικρου
759 1951 846 2016 δέω
860 1946 947 2032 παρὰ
961 1947 1048 2016 πάν-

105 2070 162 2121 τας
173 2049 276 2110 είπείν
292 2067 370 2118 τους
387 2038 486 2120 ὄντας
497 2045 534 2111 ἐν
551 2069 594 2131 τη
578 2044 712 2130 πόλει,
724 2043 896 2113 τέθεικε
862 2071 922 2114 τον
933 2045 1048 2131 νόμον,

105 2136 195 2226 οἶμαι
206 2137 343 2227 δηλον
319 2160 443 2207 απασιν
461 2138 543 2226 ὑμίν
559 2141 651 2209 εἶναι.
682 2142 840 2228 θαυμάζώ
859 2140 890 2210 δ’
904 2169 1008 2211 αυτου
994 2149 1053 2210 τί

106 2263 185 2306 ποτε
202 2240 258 2306 καί
273 2238 428 2357 τολμήσει
444 2240 552 2358 λέγειν
574 2238 650 2323 περὶ
666 2241 822 2310 τούτων..
838 2238 915 2307 οὔτε
931 2237 995 2325 γάρ
1006 2236 1105 2316 ώς

106 2333 169 2402 οὐκ
188 2339 337 2412 ἐναντίος
354 2331 454 2402 ἔσθ’
438 2362 455 2403 ο
472 2336 576 2422 νόμος
592 2350 660 2416 τοῖς
675 2336 788 2417 ἀλλοις
800 2338 967 2405 δεικνύειν
977 2336 1077 2419 ἕξει,

31 2436 38 2446 ’
107 2430 184 2499 οὔθ’
196 2429 240 2510 ώς
256 2431 294 2499 δι’
308 2431 461 2517 ἀπειρίαν
478 2435 612 2522 ἰδιώτην
626 2432 732 2523 αὐτὸν
748 2432 829 2503 ὅντα
846 2434 927 2502 τοῦτ
929 2432 1111 2513 ’ἕλαθεῃο

106 2526 270 2599 δάναιτ”“
248 2559 291 2600 αν
307 2546 431 2600 πεῖσαι·
453 2533 555 2602 παλαι
565 2559 629 2621 γαρ
641 2535 833 2620 μισθοῦκαλ
842 2557 985 2619 γραφων
996 2534 1052 2601 παλ

62 2646 97 2702 67
107 2630 230 2716 νόμους
241 2632 405 2716 εἰσφέρων
416 2623 530 2700 ώπται.
559 2629 700 2719 καὶμὴν
720 2629 797 2700 οὐδ’
809 2630 916 2699 ἑκείνό
936 2628 966 2717 γ’
977 2635 1052 2699 ἔνε-
1106 2723 1107 2726 ¹

108 2750 179 2797 στιν
191 2727 296 2818 αὐτῷ,
309 2726 453 2815 ἀδίκημα
464 2726 526 2816 μὲν
537 2729 621 2799 εἶναι
636 2728 674 2798 τὰ
693 2738 827 2815 πρᾶγμα
838 2728 1050 2816 ὁμολογῆσαι,

108 2828 304 2913 συγγνώμης
315 2829 350 2896 δὲ
361 2843 472 2913 τυχεῖν
483 2826 614 2922 ἀξιοῦν·
637 2826 678 2897 οά
696 2826 759 2913 γὰρ
777 2826 868 2895 ἀκοιν
880 2825 955 2899 οὐδ’
967 2825 1050 2912 ὑπὲρ

107 2923 317 3010 ἠτυχηκότων
329 2923 403 2992 οὐδ’
418 2924 504 3011 ὑπὲρ
521 2935 692 3012 συγγενών
708 2929 764 2994 καὶ
781 2924 970 3011 ἀναγκαίαν
988 2922 1056 2991 αὐ-1

107 3030 154 3111 τῷ
180 3020 339 3099 τεθεικώς
366 3030 518 3108 φαίνεται
544 3022 603 3092 τδν
631 3025 753 3111 νόμον,
772 3023 840 3092 ἀλλ’
860 3021 946 3092 ἑκών
967 3020 1051 3104 ὑπὲρ
1103 3014 1105 3018 ’

84 3180 89 3185 .
107 3121 234 3207 μεγάλα
243 3117 452 3206 ἠδικηκότων
463 3119 567 3208 ὑμᾶς,
581 3120 680 3190 οὐδὲν
697 3121 938 3209 προσηκόντων
950 3116 1051 3209 αὐτῷ,
1073 3111 1083 3129 '

107 3217 195 3307 πλην
204 3224 235 3287 εί
245 3233 413 3304 συγγενεῖς
424 3219 674 3307 ὑπολαμβάνειν
688 3220 770 3307 φησὶ
779 3215 857 3298 τοὺς
867 3221 1048 3306 μισθουμέ-

107 3313 311 3397 νουςαάτόν.
1104 3408 1106 3412 Ι

65 3430 101 3483 68
188 3414 453 3495 Ὡςτοίνννούδ
467 3418 650 3503 ἐπιτηδειον
667 3373 1052 3504 νόμοννμίνούδλσυμ-
