<?xml version="1.0" encoding="UTF-8"?>
<!DOCTYPE html PUBLIC "-//W3C//DTD XHTML 1.0 Transitional//EN"
    "http://www.w3.org/TR/xhtml1/DTD/xhtml1-transitional.dtd">
<html xmlns="http://www.w3.org/1999/xhtml" xml:lang="en" lang="en">
 <head>
  <title>
</title>
<meta http-equiv="Content-Type" content="text/html;charset=utf-8" />
  <meta name='ocr-system' content='tesseract 3.04.00' />
  <meta name='ocr-capabilities' content='ocr_page ocr_carea ocr_par ocr_line ocrx_word'/>
</head>
<body>
  <div class='ocr_page' id='page_1' title='image "./orationesexrece00demogoog_0036.png"; bbox 0 0 2318 3894; ppageno 0'>
   <div class='ocr_carea' id='block_1_1' title="bbox 337 226 1119 297">
    <p class='ocr_par' dir='ltr' id='par_1_1' title="bbox 337 226 1119 297">
     <span class='ocr_line' id='line_1_1' title="bbox 337 226 1119 297; baseline 0.012 -9"><span class='ocrx_word' id='word_1_1' title='bbox 337 226 477 289; x_wconf 86' lang='grc' dir='ltr'><em>ΠΡΟΣ</em></span> <span class='ocrx_word' id='word_1_2' title='bbox 504 227 825 292; x_wconf 83' lang='grc' dir='ltr'><em>ΛΕΠΤΙΝΗΝ..</em></span> <span class='ocrx_word' id='word_1_3' title='bbox 1002 232 1046 297; x_wconf 77' lang='grc'><strong><em>29</em></strong></span> <span class='ocrx_word' id='word_1_4' title='bbox 1116 269 1119 274; x_wconf 93' lang='lat'>·</span> 
     </span>
    </p>
   </div>
   <div class='ocr_carea' id='block_1_2' title="bbox 48 383 1113 2046">
    <p class='ocr_par' dir='ltr' id='par_1_2' title="bbox 87 383 1045 671">
     <span class='ocr_line' id='line_1_2' title="bbox 89 383 1045 478; baseline 0.006 -26"><span class='ocrx_word' id='word_1_5' title='bbox 89 393 170 477; x_wconf 83' lang='grc' dir='ltr'><strong><em>ρίφ,</em></strong></span> <span class='ocrx_word' id='word_1_6' title='bbox 188 383 269 464; x_wconf 85' lang='grc' dir='ltr'><strong><em>τούς</em></strong></span> <span class='ocrx_word' id='word_1_7' title='bbox 278 386 316 455; x_wconf 74' lang='grc' dir='ltr'><strong><em>δὲ</em></strong></span> <span class='ocrx_word' id='word_1_8' title='bbox 326 385 451 471; x_wconf 89' lang='grc' dir='ltr'><strong><em>νόμους</em></strong></span> <span class='ocrx_word' id='word_1_9' title='bbox 460 383 598 472; x_wconf 83' lang='grc' dir='ltr'><strong><em>αύτούς,</em></strong></span> <span class='ocrx_word' id='word_1_10' title='bbox 614 385 696 455; x_wconf 85' lang='grc' dir='ltr'><strong><em>καθ’</em></strong></span> <span class='ocrx_word' id='word_1_11' title='bbox 709 385 768 466; x_wconf 84' lang='grc' dir='ltr'><strong><em>ούς</em></strong></span> <span class='ocrx_word' id='word_1_12' title='bbox 779 391 833 456; x_wconf 81' lang='grc' dir='ltr'><strong><em>καὶ</em></strong></span> <span class='ocrx_word' id='word_1_13' title='bbox 842 389 972 470; x_wconf 85' lang='grc' dir='ltr'><strong><em>τούτοις</em></strong></span> <span class='ocrx_word' id='word_1_14' title='bbox 982 389 1045 478; x_wconf 81' lang='grc' dir='ltr'><strong><em>άρ-</em></strong></span> 
     </span>
     <span class='ocr_line' id='line_1_3' title="bbox 87 483 1044 575; baseline 0.005 -22"><span class='ocrx_word' id='word_1_15' title='bbox 87 511 160 572; x_wconf 81' lang='grc' dir='ltr'><strong><em>χειν</em></strong></span> <span class='ocrx_word' id='word_1_16' title='bbox 171 486 227 553; x_wconf 78' lang='grc' dir='ltr'><strong><em>καὶ</em></strong></span> <span class='ocrx_word' id='word_1_17' title='bbox 237 491 318 552; x_wconf 81' lang='grc' dir='ltr'><strong><em>πᾶσι</em></strong></span> <span class='ocrx_word' id='word_1_18' title='bbox 334 499 403 562; x_wconf 72' lang='grc' dir='ltr'><strong><em>τοῖς</em></strong></span> <span class='ocrx_word' id='word_1_19' title='bbox 417 483 528 562; x_wconf 79' lang='grc' dir='ltr'><strong><em>ἄλλοις</em></strong></span> <span class='ocrx_word' id='word_1_20' title='bbox 544 487 779 554; x_wconf 87' lang='grc' dir='ltr'><strong><em>πολιτεύεσθαι</em></strong></span> <span class='ocrx_word' id='word_1_21' title='bbox 795 488 970 575; x_wconf 78' lang='grc' dir='ltr'><strong><em>προσήκει,</em></strong></span> <span class='ocrx_word' id='word_1_22' title='bbox 991 492 1044 558; x_wconf 70' lang='grc' dir='ltr'><strong><em>ἐπὶ</em></strong></span> 
     </span>
     <span class='ocr_line' id='line_1_4' title="bbox 88 580 1045 671; baseline 0.003 -20"><span class='ocrx_word' id='word_1_23' title='bbox 88 590 215 666; x_wconf 78' lang='grc' dir='ltr'><strong><em>καιροῦ</em></strong></span> <span class='ocrx_word' id='word_1_24' title='bbox 223 585 396 668; x_wconf 73' lang='grc' dir='ltr'><strong><em>τεθέντας,</em></strong></span> <span class='ocrx_word' id='word_1_25' title='bbox 409 580 499 661; x_wconf 81' lang='grc' dir='ltr'><strong><em>ὅπως</em></strong></span> <span class='ocrx_word' id='word_1_26' title='bbox 509 587 641 667; x_wconf 78' lang='grc' dir='ltr'><strong><em>ἔτυχον,</em></strong></span> <span class='ocrx_word' id='word_1_27' title='bbox 653 581 697 669; x_wconf 79' lang='grc' dir='ltr'><strong><em>μὴ</em></strong></span> <span class='ocrx_word' id='word_1_28' title='bbox 710 588 970 671; x_wconf 77' lang='grc' dir='ltr'><strong><em>δοκιμασθέντας</em></strong></span> <span class='ocrx_word' id='word_1_29' title='bbox 981 614 1045 656; x_wconf 90' lang='grc' dir='ltr'><strong><em>κυ-</em></strong></span> 
     </span>
    </p>

    <p class='ocr_par' dir='ltr' id='par_1_3' title="bbox 49 679 1084 1354">
     <span class='ocr_line' id='line_1_5' title="bbox 49 679 1044 770; baseline 0.003 -20"><span class='ocrx_word' id='word_1_30' title='bbox 49 688 185 767; x_wconf 81' lang='grc' dir='ltr'><strong><em>91ρίους</em></strong></span> <span class='ocrx_word' id='word_1_31' title='bbox 196 680 288 750; x_wconf 84' lang='grc' dir='ltr'><strong><em>εἶναι.</em></strong></span> <span class='ocrx_word' id='word_1_32' title='bbox 312 684 367 750; x_wconf 81' lang='grc' dir='ltr'><strong><em>καὶ</em></strong></span> <span class='ocrx_word' id='word_1_33' title='bbox 377 680 440 766; x_wconf 91' lang='grc' dir='ltr'><strong><em>γάρ</em></strong></span> <span class='ocrx_word' id='word_1_34' title='bbox 450 683 502 749; x_wconf 89' lang='grc' dir='ltr'><strong><em>τὀι</em></strong></span> <span class='ocrx_word' id='word_1_35' title='bbox 511 680 585 749; x_wconf 87' lang='grc' dir='ltr'><strong><em>τότε</em></strong></span> <span class='ocrx_word' id='word_1_36' title='bbox 595 679 671 768; x_wconf 71' lang='grc' dir='ltr'><strong><em>μὲν,</em></strong></span> <span class='ocrx_word' id='word_1_37' title='bbox 683 682 745 760; x_wconf 78' lang='grc' dir='ltr'><strong><em>ἕως</em></strong></span> <span class='ocrx_word' id='word_1_38' title='bbox 755 681 815 751; x_wconf 84' lang='grc' dir='ltr'><strong><em>τόν</em></strong></span> <span class='ocrx_word' id='word_1_39' title='bbox 828 684 956 770; x_wconf 78' lang='grc' dir='ltr'><strong><em>τρόπον</em></strong></span> <span class='ocrx_word' id='word_1_40' title='bbox 964 692 1044 752; x_wconf 81' lang='grc' dir='ltr'><strong><em>τοῦ·</em></strong></span> 
     </span>
     <span class='ocr_line' id='line_1_6' title="bbox 89 774 1042 870; baseline 0.001 -21"><span class='ocrx_word' id='word_1_41' title='bbox 89 774 1042 870; x_wconf 72' lang='grc' dir='ltr'><strong><em>τονένομοθέτουν,τοίςμὲνύπάρχουσινόμοιςέχροῖντο,</em></strong></span> 
     </span>
     <span class='ocr_line' id='line_1_7' title="bbox 90 873 1042 966; baseline 0.001 -19"><span class='ocrx_word' id='word_1_42' title='bbox 90 876 227 957; x_wconf 84' lang='grc' dir='ltr'><strong><em>καινούς</em></strong></span> <span class='ocrx_word' id='word_1_43' title='bbox 238 875 265 946; x_wconf 82' lang='grc' dir='ltr'><strong><em>δ’</em></strong></span> <span class='ocrx_word' id='word_1_44' title='bbox 279 873 343 945; x_wconf 82' lang='grc' dir='ltr'><strong><em>οὐκ</em></strong></span> <span class='ocrx_word' id='word_1_45' title='bbox 353 879 522 944; x_wconf 81' lang='grc' dir='ltr'><strong><em>ἐτίθεσαν·</em></strong></span> <span class='ocrx_word' id='word_1_46' title='bbox 534 875 644 962; x_wconf 75' lang='grc' dir='ltr'><strong><em>ἐπειδὴ</em></strong></span> <span class='ocrx_word' id='word_1_47' title='bbox 656 880 692 944; x_wconf 69' lang='grc' dir='ltr'><strong><em>δέ</em></strong></span> <span class='ocrx_word' id='word_1_48' title='bbox 701 886 768 945; x_wconf 80' lang='grc' dir='ltr'><strong><em>των</em></strong></span> <span class='ocrx_word' id='word_1_49' title='bbox 778 883 1042 966; x_wconf 76' lang='grc' dir='ltr'><strong><em>πολιτευομένων</em></strong></span> 
     </span>
     <span class='ocr_line' id='line_1_8' title="bbox 87 971 1084 1061; baseline 0.003 -17"><span class='ocrx_word' id='word_1_50' title='bbox 87 976 175 1055; x_wconf 66' lang='grc' dir='ltr'><strong><em>τινες</em></strong></span> <span class='ocrx_word' id='word_1_51' title='bbox 187 977 404 1060; x_wconf 74' lang='grc' dir='ltr'><strong><em>δυνηθέντες,</em></strong></span> <span class='ocrx_word' id='word_1_52' title='bbox 417 971 461 1053; x_wconf 76' lang='grc' dir='ltr'><strong><em>ὡς</em></strong></span> <span class='ocrx_word' id='word_1_53' title='bbox 471 974 535 1059; x_wconf 73' lang='grc' dir='ltr'><strong><em>ἐγώ</em></strong></span> <span class='ocrx_word' id='word_1_54' title='bbox 546 975 779 1061; x_wconf 86' lang='grc' dir='ltr'><strong><em>πυνθάνομαι,</em></strong></span> <span class='ocrx_word' id='word_1_55' title='bbox 795 983 1042 1047; x_wconf 89' lang='grc' dir='ltr'><strong><em>κατεσκεύασαν</em></strong></span> <span class='ocrx_word' id='word_1_56' title='bbox 1080 1000 1084 1006; x_wconf 89' lang='grc'><em>·</em></span> 
     </span>
     <span class='ocr_line' id='line_1_9' title="bbox 89 1066 1043 1160; baseline 0.004 -19"><span class='ocrx_word' id='word_1_57' title='bbox 89 1072 203 1152; x_wconf 79' lang='grc' dir='ltr'><strong><em>αὐτοῖς</em></strong></span> <span class='ocrx_word' id='word_1_58' title='bbox 213 1076 332 1152; x_wconf 75' lang='grc' dir='ltr'><strong><em>ἐξεῖναι</em></strong></span> <span class='ocrx_word' id='word_1_59' title='bbox 342 1079 552 1157; x_wconf 75' lang='grc' dir='ltr'><strong><em>νομοθετειν,</em></strong></span> <span class='ocrx_word' id='word_1_60' title='bbox 564 1069 646 1139; x_wconf 83' lang='grc' dir='ltr'><strong><em>όταν</em></strong></span> <span class='ocrx_word' id='word_1_61' title='bbox 656 1099 704 1150; x_wconf 90' lang='grc' dir='ltr'><strong><em>τις</em></strong></span> <span class='ocrx_word' id='word_1_62' title='bbox 714 1073 872 1160; x_wconf 82' lang='grc' dir='ltr'><strong><em>βούληται</em></strong></span> <span class='ocrx_word' id='word_1_63' title='bbox 883 1066 938 1144; x_wconf 82' lang='grc' dir='ltr'><strong><em>καλ</em></strong></span> <span class='ocrx_word' id='word_1_64' title='bbox 948 1074 989 1145; x_wconf 81' lang='grc' dir='ltr'><strong><em>ὃν</em></strong></span> <span class='ocrx_word' id='word_1_65' title='bbox 998 1073 1043 1144; x_wconf 84' lang='grc' dir='ltr'><strong><em>άν</em></strong></span> 
     </span>
     <span class='ocr_line' id='line_1_10' title="bbox 88 1167 1042 1261; baseline 0.001 -21"><span class='ocrx_word' id='word_1_66' title='bbox 88 1172 171 1258; x_wconf 84' lang='grc' dir='ltr'><strong><em>τύχη</em></strong></span> <span class='ocrx_word' id='word_1_67' title='bbox 189 1167 333 1254; x_wconf 90' lang='grc' dir='ltr'><strong><em>τρόπον,</em></strong></span> <span class='ocrx_word' id='word_1_68' title='bbox 353 1176 506 1236; x_wconf 76' lang='grc' dir='ltr'><strong><em>τοσοῦτοι</em></strong></span> <span class='ocrx_word' id='word_1_69' title='bbox 521 1169 584 1261; x_wconf 73' lang='grc' dir='ltr'><strong><em>μὲν</em></strong></span> <span class='ocrx_word' id='word_1_70' title='bbox 599 1174 634 1237; x_wconf 87' lang='grc' dir='ltr'><strong><em>ολ</em></strong></span> <span class='ocrx_word' id='word_1_71' title='bbox 649 1172 794 1238; x_wconf 80' lang='grc' dir='ltr'><strong><em>ἐναντίοι</em></strong></span> <span class='ocrx_word' id='word_1_72' title='bbox 805 1179 921 1258; x_wconf 89' lang='grc' dir='ltr'><strong><em>σφίσιν</em></strong></span> <span class='ocrx_word' id='word_1_73' title='bbox 932 1172 1042 1254; x_wconf 79' lang='grc' dir='ltr'><strong><em>αύτοίς</em></strong></span> 
     </span>
     <span class='ocr_line' id='line_1_11' title="bbox 89 1263 1042 1354; baseline -0.001 -15"><span class='ocrx_word' id='word_1_74' title='bbox 89 1272 151 1339; x_wconf 79' lang='grc' dir='ltr'><strong><em>είσὶ</em></strong></span> <span class='ocrx_word' id='word_1_75' title='bbox 167 1268 267 1354; x_wconf 93' lang='grc' dir='ltr'><strong><em>νόμοι</em></strong></span> <span class='ocrx_word' id='word_1_76' title='bbox 289 1265 373 1335; x_wconf 72' lang='grc' dir='ltr'><strong><em>ὥστε</em></strong></span> <span class='ocrx_word' id='word_1_77' title='bbox 389 1264 606 1353; x_wconf 75' lang='grc' dir='ltr'><strong><em>γειροτονείθ’</em></strong></span> <span class='ocrx_word' id='word_1_78' title='bbox 630 1263 721 1352; x_wconf 76' lang='grc' dir='ltr'><strong><em>ὑμεῖς</em></strong></span> <span class='ocrx_word' id='word_1_79' title='bbox 741 1267 819 1347; x_wconf 85' lang='grc' dir='ltr'><strong><em>τούς</em></strong></span> <span class='ocrx_word' id='word_1_80' title='bbox 837 1275 1042 1351; x_wconf 78' lang='grc' dir='ltr'><strong><em>διαλέξοντας</em></strong></span> 
     </span>
    </p>

    <p class='ocr_par' dir='ltr' id='par_1_4' title="bbox 48 1362 1113 2046">
     <span class='ocr_line' id='line_1_12' title="bbox 48 1362 1102 1454; baseline -0.001 -16"><span class='ocrx_word' id='word_1_81' title='bbox 48 1384 80 1438; x_wconf 74' lang='lat'><strong><em>92</em></strong></span> <span class='ocrx_word' id='word_1_82' title='bbox 89 1364 168 1446; x_wconf 84' lang='grc' dir='ltr'><strong><em>τούς</em></strong></span> <span class='ocrx_word' id='word_1_83' title='bbox 179 1369 350 1444; x_wconf 78' lang='grc' dir='ltr'><strong><em>ἐναντίους</em></strong></span> <span class='ocrx_word' id='word_1_84' title='bbox 361 1365 413 1432; x_wconf 78' lang='grc' dir='ltr'><strong><em>ἐπὶ</em></strong></span> <span class='ocrx_word' id='word_1_85' title='bbox 423 1362 601 1450; x_wconf 76' lang='grc' dir='ltr'><strong><em>πάμπολυν</em></strong></span> <span class='ocrx_word' id='word_1_86' title='bbox 610 1363 674 1450; x_wconf 81' lang='grc' dir='ltr'><strong><em>ἤδη</em></strong></span> <span class='ocrx_word' id='word_1_87' title='bbox 684 1363 823 1452; x_wconf 86' lang='grc' dir='ltr'><strong><em>χρόνον,</em></strong></span> <span class='ocrx_word' id='word_1_88' title='bbox 842 1369 896 1435; x_wconf 81' lang='grc' dir='ltr'><strong><em>καὶ</em></strong></span> <span class='ocrx_word' id='word_1_89' title='bbox 907 1367 943 1436; x_wconf 83' lang='grc' dir='ltr'><strong><em>τὰ</em></strong></span> <span class='ocrx_word' id='word_1_90' title='bbox 956 1378 1042 1454; x_wconf 82' lang='grc' dir='ltr'><strong><em>πρά·</em></strong></span> <span class='ocrx_word' id='word_1_91' title='bbox 1051 1380 1102 1436; x_wconf 73' lang='grc'><strong><em>485</em></strong></span> 
     </span>
     <span class='ocr_line' id='line_1_13' title="bbox 89 1462 1042 1554; baseline 0.002 -20"><span class='ocrx_word' id='word_1_92' title='bbox 89 1493 156 1554; x_wconf 87' lang='grc' dir='ltr'><strong><em>γμα</em></strong></span> <span class='ocrx_word' id='word_1_93' title='bbox 166 1462 269 1534; x_wconf 78' lang='grc' dir='ltr'><strong><em>οὐδὲν</em></strong></span> <span class='ocrx_word' id='word_1_94' title='bbox 278 1470 403 1550; x_wconf 91' lang='grc' dir='ltr'><strong><em>μάλλον</em></strong></span> <span class='ocrx_word' id='word_1_95' title='bbox 413 1463 552 1530; x_wconf 86' lang='grc' dir='ltr'><strong><em>δύναται</em></strong></span> <span class='ocrx_word' id='word_1_96' title='bbox 561 1465 662 1546; x_wconf 83' lang='grc' dir='ltr'><strong><em>πέρας</em></strong></span> <span class='ocrx_word' id='word_1_97' title='bbox 673 1469 768 1548; x_wconf 82' lang='grc' dir='ltr'><strong><em>ἔχειν,</em></strong></span> <span class='ocrx_word' id='word_1_98' title='bbox 783 1466 1042 1552; x_wconf 79' lang='grc' dir='ltr'><strong><em>ψηφισμάτωυδ</em></strong></span> 
     </span>
     <span class='ocr_line' id='line_1_14' title="bbox 88 1559 1113 1653; baseline 0.004 -21"><span class='ocrx_word' id='word_1_99' title='bbox 88 1561 163 1633; x_wconf 78' lang='grc' dir='ltr'><strong><em>οὐδ’</em></strong></span> <span class='ocrx_word' id='word_1_100' title='bbox 189 1559 304 1631; x_wconf 83' lang='grc' dir='ltr'><strong><em>ὁτιοῦν</em></strong></span> <span class='ocrx_word' id='word_1_101' title='bbox 321 1563 537 1647; x_wconf 83' lang='grc' dir='ltr'><strong><em>διαφέρουσιν</em></strong></span> <span class='ocrx_word' id='word_1_102' title='bbox 553 1562 589 1628; x_wconf 84' lang='grc' dir='ltr'><strong><em>ολ</em></strong></span> <span class='ocrx_word' id='word_1_103' title='bbox 600 1561 714 1648; x_wconf 90' lang='grc' dir='ltr'><strong><em>νόμοι,</em></strong></span> <span class='ocrx_word' id='word_1_104' title='bbox 737 1560 821 1630; x_wconf 84' lang='grc' dir='ltr'><strong><em>άλλά</em></strong></span> <span class='ocrx_word' id='word_1_105' title='bbox 838 1564 992 1653; x_wconf 74' lang='grc' dir='ltr'><strong><em>νεώτεροι</em></strong></span> <span class='ocrx_word' id='word_1_106' title='bbox 1008 1571 1043 1636; x_wconf 87' lang='grc' dir='ltr'><strong><em>οί</em></strong></span> <span class='ocrx_word' id='word_1_107' title='bbox 1110 1595 1113 1599; x_wconf 92' lang='grc'><strong><em>·</em></strong></span> 
     </span>
     <span class='ocr_line' id='line_1_15' title="bbox 87 1657 1040 1750; baseline 0.002 -19"><span class='ocrx_word' id='word_1_108' title='bbox 87 1663 204 1749; x_wconf 90' lang='grc' dir='ltr'><strong><em>νόμοι,</em></strong></span> <span class='ocrx_word' id='word_1_109' title='bbox 226 1657 308 1730; x_wconf 89' lang='grc' dir='ltr'><strong><em>καθ’</em></strong></span> <span class='ocrx_word' id='word_1_110' title='bbox 328 1658 388 1738; x_wconf 83' lang='grc' dir='ltr'><strong><em>ούς</em></strong></span> <span class='ocrx_word' id='word_1_111' title='bbox 404 1659 444 1728; x_wconf 82' lang='grc' dir='ltr'><strong><em>τά</em></strong></span> <span class='ocrx_word' id='word_1_112' title='bbox 462 1665 655 1746; x_wconf 73' lang='grc' dir='ltr'><strong><em>ψηφίσματα</em></strong></span> <span class='ocrx_word' id='word_1_113' title='bbox 675 1664 725 1727; x_wconf 81' lang='grc' dir='ltr'><strong><em>δελ</em></strong></span> <span class='ocrx_word' id='word_1_114' title='bbox 744 1659 950 1750; x_wconf 77' lang='grc' dir='ltr'><strong><em>γράφεσθαι,</em></strong></span> <span class='ocrx_word' id='word_1_115' title='bbox 972 1673 1040 1733; x_wconf 76' lang='grc' dir='ltr'><strong><em>τῶν</em></strong></span> 
     </span>
     <span class='ocr_line' id='line_1_16' title="bbox 87 1751 1039 1848; baseline 0.001 -20"><span class='ocrx_word' id='word_1_116' title='bbox 87 1761 312 1848; x_wconf 78' lang='grc' dir='ltr'><strong><em>ψηφισμάτων</em></strong></span> <span class='ocrx_word' id='word_1_117' title='bbox 323 1756 436 1827; x_wconf 83' lang='grc' dir='ltr'><strong><em>αύτιδν</em></strong></span> <span class='ocrx_word' id='word_1_118' title='bbox 446 1756 527 1844; x_wconf 77' lang='grc' dir='ltr'><strong><em>ύμῖν</em></strong></span> <span class='ocrx_word' id='word_1_119' title='bbox 537 1764 634 1826; x_wconf 88' lang='grc' dir='ltr'><strong><em>είσίν·</em></strong></span> <span class='ocrx_word' id='word_1_120' title='bbox 653 1755 697 1825; x_wconf 82' lang='grc' dir='ltr'><strong><em>ἵν’</em></strong></span> <span class='ocrx_word' id='word_1_121' title='bbox 712 1751 775 1826; x_wconf 78' lang='grc' dir='ltr'><strong><em>οὖν</em></strong></span> <span class='ocrx_word' id='word_1_122' title='bbox 786 1758 829 1845; x_wconf 83' lang='grc' dir='ltr'><strong><em>μὴ</em></strong></span> <span class='ocrx_word' id='word_1_123' title='bbox 841 1759 945 1845; x_wconf 91' lang='grc' dir='ltr'><strong><em>λόγον</em></strong></span> <span class='ocrx_word' id='word_1_124' title='bbox 955 1764 1039 1846; x_wconf 88' lang='grc' dir='ltr'><strong><em>λέγω</em></strong></span> 
     </span>
     <span class='ocr_line' id='line_1_17' title="bbox 88 1853 1042 1947; baseline -0.001 -19"><span class='ocrx_word' id='word_1_125' title='bbox 88 1860 214 1947; x_wconf 90' lang='grc' dir='ltr'><strong><em>μόνον,</em></strong></span> <span class='ocrx_word' id='word_1_126' title='bbox 227 1856 311 1927; x_wconf 85' lang='grc' dir='ltr'><strong><em>άλλά</em></strong></span> <span class='ocrx_word' id='word_1_127' title='bbox 323 1855 448 1926; x_wconf 75' lang='grc' dir='ltr'><strong><em>καὶτὸν</em></strong></span> <span class='ocrx_word' id='word_1_128' title='bbox 460 1858 566 1943; x_wconf 88' lang='grc' dir='ltr'><strong><em>νόμον</em></strong></span> <span class='ocrx_word' id='word_1_129' title='bbox 577 1853 681 1925; x_wconf 80' lang='grc' dir='ltr'><strong><em>αὐτόν</em></strong></span> <span class='ocrx_word' id='word_1_130' title='bbox 692 1854 733 1923; x_wconf 82' lang='grc' dir='ltr'><strong><em>όν</em></strong></span> <span class='ocrx_word' id='word_1_131' title='bbox 744 1883 829 1942; x_wconf 90' lang='grc' dir='ltr'><strong><em>φημι</em></strong></span> <span class='ocrx_word' id='word_1_132' title='bbox 844 1861 947 1942; x_wconf 81' lang='grc' dir='ltr'><strong><em>δείξω,</em></strong></span> <span class='ocrx_word' id='word_1_133' title='bbox 959 1861 1042 1945; x_wconf 80' lang='grc' dir='ltr'><strong><em>λαβέ</em></strong></span> 
     </span>
     <span class='ocr_line' id='line_1_18' title="bbox 88 1948 1041 2046; baseline 0 -20"><span class='ocrx_word' id='word_1_134' title='bbox 88 1984 146 2044; x_wconf 90' lang='grc' dir='ltr'><strong><em>μοι</em></strong></span> <span class='ocrx_word' id='word_1_135' title='bbox 162 1956 224 2027; x_wconf 86' lang='grc' dir='ltr'><strong><em>τόν</em></strong></span> <span class='ocrx_word' id='word_1_136' title='bbox 239 1956 347 2043; x_wconf 87' lang='grc' dir='ltr'><strong><em>νόμον</em></strong></span> <span class='ocrx_word' id='word_1_137' title='bbox 359 1953 440 2024; x_wconf 86' lang='grc' dir='ltr'><strong><em>καθ’</em></strong></span> <span class='ocrx_word' id='word_1_138' title='bbox 460 1953 500 2024; x_wconf 83' lang='grc' dir='ltr'><strong><em>ὃν</em></strong></span> <span class='ocrx_word' id='word_1_139' title='bbox 514 1948 656 2046; x_wconf 76' lang='grc' dir='ltr'><strong><em>ἧσανοί</em></strong></span> <span class='ocrx_word' id='word_1_140' title='bbox 670 1955 834 2041; x_wconf 87' lang='grc' dir='ltr'><strong><em>πρότερον</em></strong></span> <span class='ocrx_word' id='word_1_141' title='bbox 850 1962 1041 2043; x_wconf 82' lang='grc' dir='ltr'><strong><em>νομοθέται.</em></strong></span> 
     </span>
    </p>
   </div>
   <div class='ocr_carea' id='block_1_3' title="bbox 52 2061 1044 3524">
    <p class='ocr_par' dir='ltr' id='par_1_5' title="bbox 88 2061 655 2228">
     <span class='ocr_line' id='line_1_19' title="bbox 88 2061 422 2143; baseline 0 -17"><span class='ocrx_word' id='word_1_142' title='bbox 88 2061 172 2143; x_wconf 80' lang='grc' dir='ltr'><strong><em>λέγε.</em></strong></span> <span class='ocrx_word' id='word_1_143' title='bbox 419 2109 422 2115; x_wconf 88' lang='grc'>-</span> 
     </span>
     <span class='ocr_line' id='line_1_20' title="bbox 477 2163 655 2228; baseline -0.034 0"><span class='ocrx_word' id='word_1_144' title='bbox 477 2163 515 2228; x_wconf 88' lang='grc' dir='ltr'><em>Ν</em></span> <span class='ocrx_word' id='word_1_145' title='bbox 514 2163 655 2224; x_wconf 86' lang='grc' dir='ltr'><em>ΟΜΟΣ.</em></span> 
     </span>
    </p>

    <p class='ocr_par' dir='ltr' id='par_1_6' title="bbox 52 2247 1043 2931">
     <span class='ocr_line' id='line_1_21' title="bbox 52 2247 1042 2342; baseline -0.008 -14"><span class='ocrx_word' id='word_1_146' title='bbox 52 2272 83 2328; x_wconf 70' lang='grc'><strong><em>93</em></strong></span> <span class='ocrx_word' id='word_1_147' title='bbox 172 2249 317 2323; x_wconf 86' lang='grc' dir='ltr'><strong><em>Συνίεθ’</em></strong></span> <span class='ocrx_word' id='word_1_148' title='bbox 329 2249 370 2342; x_wconf 78' lang='grc' dir='ltr'><strong><em>όν</em></strong></span> <span class='ocrx_word' id='word_1_149' title='bbox 380 2253 521 2341; x_wconf 79' lang='grc' dir='ltr'><strong><em>τρόπον,</em></strong></span> <span class='ocrx_word' id='word_1_150' title='bbox 533 2247 560 2320; x_wconf 76' lang='grc' dir='ltr'><em>ὦ</em></span> <span class='ocrx_word' id='word_1_151' title='bbox 572 2251 691 2337; x_wconf 72' lang='grc' dir='ltr'><strong><em>ἄνδρες</em></strong></span> <span class='ocrx_word' id='word_1_152' title='bbox 700 2251 879 2337; x_wconf 72' lang='grc' dir='ltr'><strong><em>Ἀθηναῖοι,</em></strong></span> <span class='ocrx_word' id='word_1_153' title='bbox 891 2252 909 2320; x_wconf 93' lang='grc' dir='ltr'>ὁ</span> <span class='ocrx_word' id='word_1_154' title='bbox 921 2253 1042 2321; x_wconf 85' lang='grc' dir='ltr'><strong><em>Σόλων</em></strong></span> 
     </span>
     <span class='ocr_line' id='line_1_22' title="bbox 89 2348 1042 2437; baseline -0.005 -16"><span class='ocrx_word' id='word_1_155' title='bbox 89 2352 167 2432; x_wconf 82' lang='grc' dir='ltr'><strong><em>τούς</em></strong></span> <span class='ocrx_word' id='word_1_156' title='bbox 187 2351 315 2437; x_wconf 88' lang='grc' dir='ltr'><strong><em>νόμους</em></strong></span> <span class='ocrx_word' id='word_1_157' title='bbox 328 2348 374 2431; x_wconf 79' lang='grc' dir='ltr'><strong><em>ὡς</em></strong></span> <span class='ocrx_word' id='word_1_158' title='bbox 391 2359 500 2430; x_wconf 77' lang='grc' dir='ltr'><strong><em>καλάς</em></strong></span> <span class='ocrx_word' id='word_1_159' title='bbox 515 2349 644 2418; x_wconf 80' lang='grc' dir='ltr'><strong><em>κελεύει</em></strong></span> <span class='ocrx_word' id='word_1_160' title='bbox 660 2351 810 2433; x_wconf 86' lang='grc' dir='ltr'><strong><em>τιθέναι,</em></strong></span> <span class='ocrx_word' id='word_1_161' title='bbox 832 2358 966 2434; x_wconf 74' lang='grc' dir='ltr'><strong><em>πρῶτον</em></strong></span> <span class='ocrx_word' id='word_1_162' title='bbox 982 2349 1042 2435; x_wconf 74' lang='grc' dir='ltr'><strong><em>μὲν</em></strong></span> 
     </span>
     <span class='ocr_line' id='line_1_23' title="bbox 90 2441 1043 2537; baseline -0.001 -20"><span class='ocrx_word' id='word_1_163' title='bbox 90 2448 167 2535; x_wconf 86' lang='grc' dir='ltr'><strong><em>παρ’</em></strong></span> <span class='ocrx_word' id='word_1_164' title='bbox 181 2446 277 2536; x_wconf 73' lang='grc' dir='ltr'><strong><em>ὑμῖν,</em></strong></span> <span class='ocrx_word' id='word_1_165' title='bbox 286 2463 354 2528; x_wconf 69' lang='grc' dir='ltr'><strong><em>τοῖς</em></strong></span> <span class='ocrx_word' id='word_1_166' title='bbox 364 2447 563 2537; x_wconf 89' lang='grc' dir='ltr'><strong><em>ὀμωμοκόσι,</em></strong></span> <span class='ocrx_word' id='word_1_167' title='bbox 576 2445 657 2533; x_wconf 91' lang='grc' dir='ltr'><strong><em>παρ’</em></strong></span> <span class='ocrx_word' id='word_1_168' title='bbox 673 2441 789 2531; x_wconf 79' lang='grc' dir='ltr'><strong><em>οἷσπερ</em></strong></span> <span class='ocrx_word' id='word_1_169' title='bbox 801 2447 857 2514; x_wconf 82' lang='grc' dir='ltr'><strong><em>καί</em></strong></span> <span class='ocrx_word' id='word_1_170' title='bbox 866 2446 1043 2527; x_wconf 84' lang='grc' dir='ltr'><strong><em>τάλλακυ-</em></strong></span> 
     </span>
     <span class='ocr_line' id='line_1_24' title="bbox 91 2537 1041 2635; baseline -0.001 -18"><span class='ocrx_word' id='word_1_171' title='bbox 91 2558 223 2635; x_wconf 82' lang='grc' dir='ltr'><strong><em>ροῦται,</em></strong></span> <span class='ocrx_word' id='word_1_172' title='bbox 246 2552 356 2616; x_wconf 79' lang='grc' dir='ltr'><strong><em>ἔπειτα</em></strong></span> <span class='ocrx_word' id='word_1_173' title='bbox 372 2548 495 2618; x_wconf 87' lang='grc' dir='ltr'><strong><em>λύοντα</em></strong></span> <span class='ocrx_word' id='word_1_174' title='bbox 512 2546 589 2625; x_wconf 85' lang='grc' dir='ltr'><strong><em>τούς</em></strong></span> <span class='ocrx_word' id='word_1_175' title='bbox 605 2549 791 2632; x_wconf 79' lang='grc' dir='ltr'><strong><em>ἐναντίους,</em></strong></span> <span class='ocrx_word' id='word_1_176' title='bbox 813 2542 859 2612; x_wconf 78' lang='grc' dir='ltr'><strong><em>ἵν’</em></strong></span> <span class='ocrx_word' id='word_1_177' title='bbox 877 2541 923 2625; x_wconf 83' lang='grc' dir='ltr'><strong><em>εἷς</em></strong></span> <span class='ocrx_word' id='word_1_178' title='bbox 935 2537 957 2633; x_wconf 77' lang='grc' dir='ltr'><em>ᾖ</em></span> <span class='ocrx_word' id='word_1_179' title='bbox 967 2550 1041 2632; x_wconf 77' lang='grc' dir='ltr'><strong><em>περὶ</em></strong></span> 
     </span>
     <span class='ocr_line' id='line_1_25' title="bbox 91 2643 1040 2732; baseline 0.002 -18"><span class='ocrx_word' id='word_1_180' title='bbox 91 2654 157 2714; x_wconf 75' lang='grc' dir='ltr'><strong><em>τῶν</em></strong></span> <span class='ocrx_word' id='word_1_181' title='bbox 173 2645 286 2715; x_wconf 86' lang='grc' dir='ltr'><strong><em>ὅντων</em></strong></span> <span class='ocrx_word' id='word_1_182' title='bbox 306 2646 447 2714; x_wconf 82' lang='grc' dir='ltr'><strong><em>ἑκάστου</em></strong></span> <span class='ocrx_word' id='word_1_183' title='bbox 462 2647 565 2732; x_wconf 88' lang='grc' dir='ltr'><strong><em>νόμος</em></strong></span> <span class='ocrx_word' id='word_1_184' title='bbox 580 2647 635 2714; x_wconf 81' lang='grc' dir='ltr'><strong><em>καί</em></strong></span> <span class='ocrx_word' id='word_1_185' title='bbox 652 2643 697 2731; x_wconf 80' lang='grc' dir='ltr'><strong><em>μὴ</em></strong></span> <span class='ocrx_word' id='word_1_186' title='bbox 715 2643 794 2724; x_wconf 80' lang='grc' dir='ltr'><strong><em>τοὺς</em></strong></span> <span class='ocrx_word' id='word_1_187' title='bbox 811 2644 942 2725; x_wconf 76' lang='grc' dir='ltr'><strong><em>ἰδιώτας</em></strong></span> <span class='ocrx_word' id='word_1_188' title='bbox 958 2643 1040 2716; x_wconf 79' lang='grc' dir='ltr'><strong><em>αὐτὸ</em></strong></span> 
     </span>
     <span class='ocr_line' id='line_1_26' title="bbox 91 2742 1042 2833; baseline 0.002 -21"><span class='ocrx_word' id='word_1_189' title='bbox 91 2752 187 2814; x_wconf 85' lang='grc' dir='ltr'><strong><em>τοῦτο</em></strong></span> <span class='ocrx_word' id='word_1_190' title='bbox 199 2742 342 2833; x_wconf 79' lang='grc' dir='ltr'><strong><em>ταράττῃ</em></strong></span> <span class='ocrx_word' id='word_1_191' title='bbox 353 2747 408 2814; x_wconf 78' lang='grc' dir='ltr'><strong><em>καὶ</em></strong></span> <span class='ocrx_word' id='word_1_192' title='bbox 418 2751 495 2832; x_wconf 82' lang='grc' dir='ltr'><strong><em>ποιῇ</em></strong></span> <span class='ocrx_word' id='word_1_193' title='bbox 505 2751 573 2811; x_wconf 76' lang='grc' dir='ltr'><strong><em>τῶν</em></strong></span> <span class='ocrx_word' id='word_1_194' title='bbox 585 2743 733 2823; x_wconf 78' lang='grc' dir='ltr'><strong><em>ἅπαντας</em></strong></span> <span class='ocrx_word' id='word_1_195' title='bbox 744 2744 881 2813; x_wconf 77' lang='grc' dir='ltr'><strong><em>εἰδότων</em></strong></span> <span class='ocrx_word' id='word_1_196' title='bbox 891 2745 969 2825; x_wconf 86' lang='grc' dir='ltr'><strong><em>τούς</em></strong></span> <span class='ocrx_word' id='word_1_197' title='bbox 980 2746 1042 2814; x_wconf 86' lang='grc' dir='ltr'><strong><em>νό-</em></strong></span> 
     </span>
     <span class='ocr_line' id='line_1_27' title="bbox 92 2837 1041 2931; baseline 0 -21"><span class='ocrx_word' id='word_1_198' title='bbox 92 2868 173 2927; x_wconf 89' lang='grc' dir='ltr'><strong><em>μους</em></strong></span> <span class='ocrx_word' id='word_1_199' title='bbox 189 2848 327 2911; x_wconf 81' lang='grc' dir='ltr'><strong><em>ἕλαττον</em></strong></span> <span class='ocrx_word' id='word_1_200' title='bbox 343 2849 443 2930; x_wconf 77' lang='grc' dir='ltr'><strong><em>ἔχειν,</em></strong></span> <span class='ocrx_word' id='word_1_201' title='bbox 464 2839 548 2915; x_wconf 84' lang='grc' dir='ltr'><strong><em>άλλά</em></strong></span> <span class='ocrx_word' id='word_1_202' title='bbox 567 2850 668 2911; x_wconf 81' lang='grc' dir='ltr'><strong><em>πᾶσιν</em></strong></span> <span class='ocrx_word' id='word_1_203' title='bbox 684 2837 707 2931; x_wconf 72' lang='grc' dir='ltr'><strong><em>ᾖ</em></strong></span> <span class='ocrx_word' id='word_1_204' title='bbox 726 2838 829 2911; x_wconf 84' lang='grc' dir='ltr'><strong><em>ταύτδι</em></strong></span> <span class='ocrx_word' id='word_1_205' title='bbox 851 2842 1041 2929; x_wconf 76' lang='grc' dir='ltr'><strong><em>ἀναγνῶναι</em></strong></span> 
     </span>
    </p>

    <p class='ocr_par' dir='ltr' id='par_1_7' title="bbox 62 2938 1044 3524">
     <span class='ocr_line' id='line_1_28' title="bbox 62 2938 1041 3029; baseline 0.002 -21"><span class='ocrx_word' id='word_1_206' title='bbox 62 2944 141 3009; x_wconf 63' lang='lat' dir='ltr'><strong><em>mai</em></strong></span> <span class='ocrx_word' id='word_1_207' title='bbox 155 2951 282 3028; x_wconf 79' lang='grc' dir='ltr'><strong><em>μαθεῖν</em></strong></span> <span class='ocrx_word' id='word_1_208' title='bbox 292 2938 382 3010; x_wconf 83' lang='grc' dir='ltr'><strong><em>άπλά</em></strong></span> <span class='ocrx_word' id='word_1_209' title='bbox 391 2945 444 3011; x_wconf 80' lang='grc' dir='ltr'><strong><em>καὶ</em></strong></span> <span class='ocrx_word' id='word_1_210' title='bbox 455 2949 547 3029; x_wconf 84' lang='grc' dir='ltr'><strong><em>σαφῆ</em></strong></span> <span class='ocrx_word' id='word_1_211' title='bbox 558 2941 599 3009; x_wconf 83' lang='grc' dir='ltr'><strong><em>τά</em></strong></span> <span class='ocrx_word' id='word_1_212' title='bbox 609 2946 728 3011; x_wconf 89' lang='grc' dir='ltr'><strong><em>δίκαια.</em></strong></span> <span class='ocrx_word' id='word_1_213' title='bbox 763 2946 818 3012; x_wconf 80' lang='grc' dir='ltr'><strong><em>καὶ</em></strong></span> <span class='ocrx_word' id='word_1_214' title='bbox 836 2941 899 3029; x_wconf 85' lang='grc' dir='ltr'><strong><em>πρό</em></strong></span> <span class='ocrx_word' id='word_1_215' title='bbox 912 2943 1041 3011; x_wconf 91' lang='grc' dir='ltr'><strong><em>τούτων</em></strong></span> 
     </span>
     <span class='ocr_line' id='line_1_29' title="bbox 93 3038 1042 3131; baseline -0.002 -21"><span class='ocrx_word' id='word_1_216' title='bbox 93 3038 123 3122; x_wconf 87' lang='grc' dir='ltr'><strong><em>γ’</em></strong></span> <span class='ocrx_word' id='word_1_217' title='bbox 146 3045 301 3122; x_wconf 80' lang='grc' dir='ltr'><strong><em>ἐπέταξεν</em></strong></span> <span class='ocrx_word' id='word_1_218' title='bbox 322 3044 468 3110; x_wconf 76' lang='grc' dir='ltr'><strong><em>ἐκθεῖναι</em></strong></span> <span class='ocrx_word' id='word_1_219' title='bbox 489 3039 620 3125; x_wconf 86' lang='grc' dir='ltr'><strong><em>πρόσθε</em></strong></span> <span class='ocrx_word' id='word_1_220' title='bbox 635 3049 703 3109; x_wconf 80' lang='grc' dir='ltr'><strong><em>τω”ν</em></strong></span> <span class='ocrx_word' id='word_1_221' title='bbox 721 3042 907 3127; x_wconf 78' lang='grc' dir='ltr'><strong><em>ἐπωνύμων</em></strong></span> <span class='ocrx_word' id='word_1_222' title='bbox 923 3042 1042 3131; x_wconf 76' lang='grc' dir='ltr'><strong><em>καὶτῷ</em></strong></span> 
     </span>
     <span class='ocr_line' id='line_1_30' title="bbox 93 3138 1042 3227; baseline 0.002 -22"><span class='ocrx_word' id='word_1_223' title='bbox 93 3155 277 3225; x_wconf 75' lang='grc' dir='ltr'><strong><em>γραμματεῖ</em></strong></span> <span class='ocrx_word' id='word_1_224' title='bbox 290 3143 516 3224; x_wconf 82' lang='grc' dir='ltr'><strong><em>παραδοῦναι,</em></strong></span> <span class='ocrx_word' id='word_1_225' title='bbox 538 3147 658 3207; x_wconf 81' lang='grc' dir='ltr'><strong><em>τοῦτον</em></strong></span> <span class='ocrx_word' id='word_1_226' title='bbox 675 3138 707 3207; x_wconf 88' lang='grc' dir='ltr'><strong><em>δ’</em></strong></span> <span class='ocrx_word' id='word_1_227' title='bbox 725 3143 762 3209; x_wconf 79' lang='grc' dir='ltr'><strong><em>ἐν</em></strong></span> <span class='ocrx_word' id='word_1_228' title='bbox 777 3155 846 3218; x_wconf 78' lang='grc' dir='ltr'><strong><em>ταῖς</em></strong></span> <span class='ocrx_word' id='word_1_229' title='bbox 858 3142 1042 3227; x_wconf 84' lang='grc' dir='ltr'><strong><em>ἐκκλησίαις</em></strong></span> 
     </span>
     <span class='ocr_line' id='line_1_31' title="bbox 94 3232 1043 3322; baseline 0.002 -20"><span class='ocrx_word' id='word_1_230' title='bbox 94 3232 364 3322; x_wconf 75' lang='grc' dir='ltr'><strong><em>ἀναγιγνώσκειν,</em></strong></span> <span class='ocrx_word' id='word_1_231' title='bbox 372 3238 557 3317; x_wconf 77' lang='grc' dir='ltr'><strong><em>ἵν’ἓκαστος</em></strong></span> <span class='ocrx_word' id='word_1_232' title='bbox 566 3236 663 3322; x_wconf 79' lang='grc' dir='ltr'><strong><em>ὑμῶν</em></strong></span> <span class='ocrx_word' id='word_1_233' title='bbox 671 3237 815 3317; x_wconf 84' lang='grc' dir='ltr'><strong><em>άκούσας</em></strong></span> <span class='ocrx_word' id='word_1_234' title='bbox 824 3241 980 3318; x_wconf 90' lang='grc' dir='ltr'><strong><em>πολλάκις</em></strong></span> <span class='ocrx_word' id='word_1_235' title='bbox 988 3241 1043 3306; x_wconf 75' lang='grc' dir='ltr'><strong><em>καὶ</em></strong></span> 
     </span>
     <span class='ocr_line' id='line_1_32' title="bbox 94 3329 1043 3425; baseline 0 -24"><span class='ocrx_word' id='word_1_236' title='bbox 94 3335 171 3404; x_wconf 85' lang='grc' dir='ltr'><strong><em>κατά</em></strong></span> <span class='ocrx_word' id='word_1_237' title='bbox 183 3332 309 3422; x_wconf 75' lang='grc' dir='ltr'><strong><em>σχολὴν</em></strong></span> <span class='ocrx_word' id='word_1_238' title='bbox 319 3335 540 3422; x_wconf 84' lang='grc' dir='ltr'><strong><em>σκεψάμενος,</em></strong></span> <span class='ocrx_word' id='word_1_239' title='bbox 562 3329 640 3425; x_wconf 77' lang='grc' dir='ltr'><strong><em>άνῇ</em></strong></span> <span class='ocrx_word' id='word_1_240' title='bbox 649 3339 703 3405; x_wconf 83' lang='grc' dir='ltr'><strong><em>καὶ</em></strong></span> <span class='ocrx_word' id='word_1_241' title='bbox 714 3341 822 3405; x_wconf 87' lang='grc' dir='ltr'><strong><em>δίκαια</em></strong></span> <span class='ocrx_word' id='word_1_242' title='bbox 840 3339 893 3404; x_wconf 81' lang='grc' dir='ltr'><strong><em>καὶ</em></strong></span> <span class='ocrx_word' id='word_1_243' title='bbox 913 3337 1043 3421; x_wconf 83' lang='grc' dir='ltr'><strong><em>συμφό-</em></strong></span> 
     </span>
     <span class='ocr_line' id='line_1_33' title="bbox 94 3432 1044 3524; baseline 0 -24"><span class='ocrx_word' id='word_1_244' title='bbox 94 3457 206 3520; x_wconf 87' lang='grc' dir='ltr'><strong><em>ροντα,</em></strong></span> <span class='ocrx_word' id='word_1_245' title='bbox 217 3439 323 3499; x_wconf 84' lang='grc' dir='ltr'><strong><em>ταῦτα</em></strong></span> <span class='ocrx_word' id='word_1_246' title='bbox 340 3443 519 3524; x_wconf 78' lang='grc' dir='ltr'><strong><em>νομοθετῇ.</em></strong></span> <span class='ocrx_word' id='word_1_247' title='bbox 539 3436 669 3504; x_wconf 90' lang='grc' dir='ltr'><strong><em>τούτων</em></strong></span> <span class='ocrx_word' id='word_1_248' title='bbox 678 3440 794 3505; x_wconf 89' lang='grc' dir='ltr'><strong><em>τοίνυν</em></strong></span> <span class='ocrx_word' id='word_1_249' title='bbox 805 3435 974 3503; x_wconf 89' lang='grc' dir='ltr'><strong><em>τοσούτων</em></strong></span> <span class='ocrx_word' id='word_1_250' title='bbox 984 3432 1044 3500; x_wconf 84' lang='grc' dir='ltr'><strong><em>όν-</em></strong></span> 
     </span>
    </p>
   </div>
   <div class='ocr_carea' id='block_1_4' title="bbox 0 0 1165 3894">
    <p class='ocr_par' dir='ltr' id='par_1_8' title="bbox 0 0 1165 3894">
     <span class='ocr_line' id='line_1_34' title="bbox 0 0 1165 3894; baseline 0 0"><span class='ocrx_word' id='word_1_251' title='bbox 0 0 1165 3894; x_wconf 95' lang='lat' dir='ltr'><strong><em> </em></strong></span> 
     </span>
    </p>
   </div>
  </div>
 </body>
</html>
