2318 3894
631 122 656 159 Ὀ

131 240 195 309 204
343 246 439 309 xxm.
466 242 876 357 AHMozqflNow

132 414 193 474 τὀν
179 398 856 490 τυχείντοότουτηλικαῦταόμιῖςᾶγαθά
865 399 994 488 ἤθελον
1004 424 1082 468 ποι·

38 548 42 555 ·
134 518 193 591 ετν,
216 500 324 571 v6v6'
337 499 570 585 οὕτωςάτιμον
589 497 1081 584 άστετῶντετνχηκότωνπολ-

111 605 185 673 λολ
201 607 302 670 πλείω
318 598 403 670 κακά
421 605 490 665 τῶν
507 605 662 683 φανερῶς
671 590 848 683 δχθρῶνί
818 623 833 664 ε
847 617 901 663 σιν
901 592 1002 690 ,ὑμεῖς
1012 601 1083 681 είρ-

73 726 121 796 20¹
133 701 299 786 γασμένοι.
327 723 369 766 ου
357 693 529 783 ’μόνονδ’
540 692 624 780 αὕτη
634 703 694 781 τῆς
704 692 861 782 πόλεωςὴ
875 682 983 778 δωρεά
996 718 1082 779 προ·
1082 713 1091 731 ·

134 797 373 883 πεπηλάκισται
384 797 439 863 καὶ
451 794 563 889 φαύλη
575 797 728 879 γέγονεν,
747 791 831 862 ἀλλὰ
848 794 902 861 καὶ
913 800 1017 860 πᾶσαι
1027 792 1083 860 διὰ

133 895 273 982 τὴντῶν
284 893 478 1012 καταράτων
489 894 543 960 καλ
558 901 651 968 θεοῖς
670 893 803 977 ἐχθρῶν
823 889 991 977 ρητόρων,
1011 897 1081 957 τῶν

134 991 175 1061 τά
187 999 323 1062 τοιαῦτα
334 989 533 1076 γραφόντων
546 991 696 1074 ἑτοίμως,
717 994 897 1075 πονηρίαν,
914 987 1079 1056 ολτοσαό-

56 1106 62 1120 ’
134 1114 197 1176 την
203 1086 397 1176 ὑπερβολὴν
406 1093 600 1172 πεποίηνται
615 1097 674 1172 τῆς
697 1084 809 1153 αὑτῶν
832 1091 1079 1173 αἰσχροκερδίας

136 1186 220 1257 ὥστε
228 1185 285 1266 τάς
294 1184 388 1273 τιμάς
398 1187 453 1254 καὶ
462 1185 520 1263 τάς
527 1181 604 1269 παρ’
615 1180 711 1270 ὑμῶν
721 1180 856 1269 δωρεάς,
877 1179 1079 1266 ῶσπεροίτά

135 1283 235 1370 μιαρά
248 1287 304 1353 καί
319 1289 438 1373 κομιδῇ
457 1289 571 1372 φαῦλα
586 1279 886 1370 ἀποκηρύττοντες,
908 1278 999 1348 οὕτω
1008 1301 1081 1347 τω-

135 1391 251 1451 λοῦσιν
263 1386 512 1463 έπευωνιζοντες
518 1384 571 1450 καὶ
582 1376 739 1458 πολλοῖς
720 1404 784 1448 απο
795 1385 863 1447 τῶν
873 1375 987 1446 αὐτῶν
997 1383 1082 1462 λημ-

49 1480 249 1566 munim
271 1479 455 1598 γράφοντες
476 1487 545 1547 πάν
565 1476 586 1545 6
606 1505 638 1547 τι
658 1473 701 1546 ἂν
718 1477 914 1565 βούλωνται
947 1483 1081 1597 πρῶτον

110 1577 249 1665 Α’μλν,
234 1602 289 1644 ινα
299 1602 368 1643 των
369 1581 574 1643 τελευταίων
583 1598 724 1661 πρωτων
734 1582 952 1661 μνησθωμεν,
973 1569 1081 1657 Ἀριοε

33 1675 37 1682 ’
136 1671 301 1760 βαρζάνην
311 1676 439 1741 ἐκεῖνον
450 1671 492 1739 06
504 1670 610 1757 μόνον
621 1670 725 1741 αὐτόν
741 1675 797 1742 καλ
813 1671 892 1753 τούς
902 1677 1081 1757 νίείςτ-ρελς

135 1769 233 1849 όντας
244 1794 379 1836 παντων
389 1766 443 1855 ηξ
441 1787 533 1837 ωσαν
543 1767 634 1838 οσων
658 1770 906 1858 ἐβουλήθησαν,
929 1768 1013 1839 άλλά
1025 1771 1082 1838 καί

136 1868 198 1935 δύο
205 1864 424 1954 Ἀβυδηνοὺς,
436 1869 755 1954 μισαθηναιοτάτους
764 1872 819 1939 καί
830 1869 1078 1958 πονηροτάτους
1087 1888 1142 1945 688

40 2006 55 2029 ι
135 1961 346 2050 ἀνθρώπους,
357 1964 684 2058 προσέθηκαναάτῶ,
693 1974 853 2036 Φιλίσκον
863 1970 918 2036 καὶ
926 1967 1077 2053 Ἀγαυόν.

134 2063 234 2132 πάλιν
258 2067 425 2149 Τιμοθέου
446 2063 602 2144 δόξαντός
625 2092 657 2133 τι
683 2073 818 2152 ποιῆσαι
843 2073 912 2133 τῶν
933 2065 1081 2133 θεόντων

134 2157 226 2249 ὑμῖν,
238 2159 321 2248 πρός
330 2168 377 2250 τῶ
389 2161 491 2255 πάνθ’
511 2159 533 2230 6
543 2160 669 2250 μέγιστ’
681 2155 724 2250 ἦν
735 2162 826 2254 αὐτῷ
836 2167 955 2231 δοῦναι
972 2181 1079 2247 προσ-

134 2258 365 2348 έθηκαναότῶ
358 2266 602 2349 Φρασιηρίδην
622 2265 676 2331 καὶ
686 2265 917 2349 Πολυσθένην,
939 2258 1080 2344 άνθρῶ-

90 2379 93 2384 “
133 2357 302 2440 τουςοόδ’
317 2328 531 2447 ἐλευθέρους,
554 2357 622 2429 ἀλλ’
635 2359 1080 2449 όλέθρρυςκαὶτοιαῦταπε-

75 2476 126 2531 203
134 2461 309 2546 ποιηκότας
320 2455 373 2527 οἷα
384 2457 518 2544 λέγειν’
502 2457 728 2544 οκνησειενάν
738 2482 787 2538 τις
803 2451 843 2527 εὖ
859 2463 1026 2543 φρονῶν.
1040 2451 1084 2523 τό-

134 2566 322 2624 τελευταῖον
340 2554 376 2621 δὲ
392 2564 474 2638 νῦν,
495 2553 609 2675 έπειδέρ
625 2558 881 2643 Κερσοβλέπτην
897 2545 1058 2642 ἠξίουν
1030 2578 1081 2620 ων
1138 2560 1142 2569 ’

136 2651 246 2729 αὐτοῖς
256 2651 380 2743 ἐδόκει,
397 2653 452 2718 καί
464 2653 537 2737 περὶ
548 2651 676 2720 τούτων
686 2648 762 2771 666
752 2650 920 2774 ‘660666
942 2672 1080 2738 προστι-

135 2749 233 2816 θέασι
250 2738 311 2815 δύο
329 2744 436 2835 αὐτῷ,
458 2747 519 2816 τόν
536 2749 627 2834 μέν“
606 2772 669 2818 οσα
685 2748 777 2837 ὑμεῖς
794 2749 956 2836 ἀκηκόατε
968 2755 1080 2835 εἰργα-

136 2847 258 2931 σμένον
268 2843 371 2932 κακοὶ,
393 2843 455 2914 τόν
465 2845 498 2914 δ’
509 2846 595 2927 όλως
605 2846 714 2927 οὐδεὶς
730 2847 820 2917 δίδον
830 2846 1022 2934 ἀνθράκων
1031 2855 1080 2925 τίς

135 2945 238 3029 ἐστιν,
260 2942 434 3032 Εὐδέρκην
445 2943 560 3032 ὄνομα.
593 2947 760 3033 τοιγάρτοι
771 2946 825 3016 διά
836 2957 962 3035 ταῦτα,
978 2939 1080 3015 6611-

135 3047 210 3126 δρες
217 3042 402 3132 Ἀθηναῖοι,
414 3043 532 3131 μικρά,
544 3042 640 3131 άτιρό
650 3054 712 3113 τοῦ
721 3045 833 3132 μεγάλ’
842 3040 897 3135 ἦν,
915 3053 1079 3133 φαίνεται,

134 3138 233 3207 καί
198 3166 235 3207 το
249 3150 384 3227 πρᾶγμα
393 3141 457 3229 ἤδη
468 3146 524 3211 καί
536 3150 733 3228 πορρωτέρω
744 3151 839 3232 βαδιξ
838 3172 882 3231 ει,
901 3142 1009 3213 καὶ
969 3147 1080 3213 ουκέτι

132 3237 226 3307 ταῦτ’
238 3236 376 3324 άπόχρη,
383 3238 452 3309 ἀλλ’
461 3246 491 3309 εί
500 3239 605 3310 καλ
565 3267 609 3327 μη
621 3244 930 3327 φυλάξετεὲκαστον
940 3241 1078 3342 τούτων,

133 3339 269 3417 ἐκείνων
279 3363 316 3422 γε
327 3335 466 3424 οὐδεμία
475 3338 579 3461 χάρις,
593 3337 637 3419 ῶς
647 3345 763 3410 ἔοικεν.

73 3448 125 3503 204
221 3443 290 3505 Τοῦ
298 3440 413 3524 μέντοι
421 3435 521 3507 τανθ
529 3436 635 3519 οὕτως
651 3444 792 3527 αἰσχρῶς
802 3440 1079 3528 προεληλυθέναι,
