2318 3894
267 359 270 364 ,
333 262 480 324 ΚΑΤΑ
501 261 718 325 Amor
735 265 775 326 A.
972 262 1047 328 ³21·

41 423 351 511 ίδέξαμαρτάνοιεν.
372 413 471 517 οὗτος
478 426 596 490 τοίνυν
604 426 660 490 καί
669 419 770 501 αάτὸς
779 419 1037 513 πρδςτῇπροικί

85 521 208 607 καὶτὰς
218 527 424 607 θεραπαίνας
435 519 550 608 λαβὼν
559 523 615 589 καὶ
625 519 688 608 την
698 527 808 590 οίκίαν
817 526 935 610 οίκαῖν,
948 526 1037 592 ἐπει,

86 619 126 709 66
140 619 304 705 δείλόγον
315 617 421 688 αὐτόν
432 622 552 688 δοῦναι
562 620 703 708 τούτων,
715 618 757 688 τά
765 646 801 688 τε
812 619 919 689 αὑτοῦ
930 614 1036 709 πρότ-

84 740 154 789 τειν
164 720 312 806 φησὶιιαὶ
323 724 368 797 είς
378 725 539 786 τοσοῦτον
560 722 825 806 αἰσχροκερδείας
839 711 947 806 ἦλθεν
965 715 1034 787 ἀσ-

84 845 120 888 τε
143 820 199 887 καὶ
225 814 304 894 τοὺς
325 817 545 895 διδασκάλους
571 813 657 893 τοὺς·
671 817 815 901 μισθοὺς
837 815 1036 903 ἀπεστέρηκε
1090 840 1094 848 ’

85 921 141 990 καί
150 942 245 985 τωνε
247 921 398 1001 σφορων
408 911 530 982 ἔστιν
508 940 548 993 ας
559 938 600 980 ου
589 910 806 1000 κατέθηκεν,
814 917 932 1002 έμοὶδ
944 913 1036 1000 λογίὶ

87 1022 182 1097 ζ.εται
214 1012 294 1098 λαβὲ
313 1008 353 1098 66
370 1013 426 1080 καὶ
441 1010 561 1090 ταύτας
577 1007 689 1090 αὐτοῖς
711 1037 770 1093 τας
780 1021 960 1102 μαρτυρίας
981 1016 1036 1083 καὶ
1079 1062 1082 1068 -

89 1113 273 1198 ἀνάγνωδι.

431 1269 693 1333 MAPTI'PIAI.

44 1425 81 1481 47
172 1407 251 1480 Παῖς
273 1392 338 1469 οὖν
359 1398 405 1468 ἀν
430 1425 480 1480 τις
509 1401 731 1486 σαφέστερον
742 1376 908 1482 ἐπιδείξειε
930 1402 1037 1469 πάντα

88 1500 295 1588 διηρπακότα
305 1502 361 1569 καί
370 1498 453 1586 μηδέ
463 1507 533 1568 τῶν
543 1505 672 1585 μικρόν
681 1495 948 1595 ἀπεσηημένον,ὴ“
958 1507 1039 1568 τοῦ·

87 1624 147 1666 τον
167 1596 227 1666 τὸν
248 1598 376 1684 τρόπον
403 1594 591 1676 ἐπιδεικνὺς
614 1596 695 1684 μετά
716 1599 888 1689 τοσρότυν
910 1597 1040 1684 μαρτύ-

88 1721 158 1781 ρων
174 1699 230 1764 καί
246 1702 385 1783 τεκμηρί
384 1720 432 1763 ιον
447 1692 510 1783 την
524 1694 564 1781 μὲ
564 1720 586 1761 ν
604 1707 724 1782 προίκα
741 1675 862 1785 λαβεῖν
872 1693 1039 1820 ὁμολογη-

89 1814 193 1862 σαντα
204 1791 258 1862 καὶ
270 1799 354 1878 ἔχειν
364 1791 470 1861 αὐτὸν
470 1791 574 1914 πρὸς
588 1793 667 1874 τούς
678 1795 906 1885 έπιτρόπους’
887 1795 1040 1886 απογρά·

89 1907 214 1977 ψαυτα,
236 1889 317 1960 τὸδ’
336 1876 555 1977 ἐργαστηρίου
579 1897 837 1980 κεκαρπωμένον
859 1893 963 1964 αάτὸυ
984 1899 1046 1963 καί·

44 1989 152 2078 ςςτην
163 1987 382 2076 προσοδον
342 2014 405 2059 ουκ
401 1985 661 2109 ἀποφαίνοντα,
678 1988 790 2057 τῶνδ’
802 1991 914 2058 ἀλλων
924 2017 964 2059 τα
952 1991 1039 2078 μὲν

89 2089 281 2175 πεπρακότα
297 2086 407 2157 καὶ
370 2113 430 2166 τας
439 2111 536 2172 τιμας
546 2111 610 2154 ουκ
622 2084 873 2172 ἀποδεδωκότα,
897 2085 1016 2155 τὰδ’
993 2114 1044 2168 ως,

90 2186 209 2256 ἑαυτὸν
231 2186 376 2273 λαβόντα
403 2187 459 2253 καὶ
477 2181 572 2252 ταῦτ’
593 2183 796 2271 ἠφανικότα,
824 2190 872 2253 ἔτι
894 2185 930 2253 δὲ
950 2185 1040 2272 παρά

89 2285 150 2352 τὸν
160 2280 295 2369 60‘706u
274 2309 316 2350 ον
327 2279 584 2361 αάτόςάπίδωκε
595 2288 741 2350 τοσαῦτα
754 2286 945 2370 κλέπτοντα,
957 2281 1041 2366 πρὸς

91 2382 127 2452 66
150 2380 280 2458 τούτοις
301 2377 364 2466 τὴν
392 2381 561 2467 διαθήκην
587 2377 792 2466 ἠφανικότα,
825 2379 930 2450 τάλλα
951 2379 1040 2450 οὕτω

88 2481 198 2550 πάντα
209 2481 397 2571 διῳκηκότα
406 2477 453 2560 ὡς
464 2477 539 2548 οὐδ’
553 2474 597 2547 ἀν
607 2483 642 2548 oc
654 2485 801 2566 ἔχθιστοι
819 2479 1038 2567 διοικήσειανς
1151 2489 1153 2495 ’

88 2581 203 2668 έγάμέ
204 2608 226 2650 ν
236 2579 299 2651 οὐκ
312 2577 411 2650 οίδ’”
390 2603 480 2660 οπως
492 2578 536 2648 ἀν
546 2605 596 2660 τις
606 2581 813 2667 σαφέστερον
822 2581 1019 2661 ἐπιδείξειεν

45 2710 79 2766 49
168 2679 305 2802 Ἐτόλμα
321 2687 439 2748 τοίνυν
455 2675 540 2764 πρὸς
556 2704 602 2770 τφ
589 2683 770 2765 διαιτητῇ
785 2676 935 2764 λέγειν
911 2705 955 2758 υς
967 2676 1038 2749 ἀπὸ

88 2787 156 2845 τόν
166 2780 343 2864 χρημάτων
354 2782 434 2868 χρέα
445 2804 481 2847 τε
491 2776 668 2865 πάμπολλο
678 2779 841 2860 ἐκτέτικεν
857 2775 942 2867 ὑπὲρ
954 2782 1040 2865 ἐμοῦ
1092 2774 1095 2779 ’

89 2883 294 2959 Δημοφῶντι
313 2875 371 2946 Ικαὶ
394 2881 582 2969 Θηριππίδη
602 2890 672 2955 τοῖς
691 2876 962 2962 συνεπιτρόποις,
982 2880 1040 2944 καί
1081 2888 1095 2937 ί

89 2969 136 3050 ἀς
147 2969 253 3041 πολλοὶ
270 2998 338 3039 ww
354 2975 444 3058 ἐμοδν
466 2975 618 3059 λάβοιευ,
641 2970 799 3056 οὐδέτερα
816 2978 902 3057 ἔχων
918 2976 1041 3040 έπιδει-

89 3071 213 3139 κνόναι
222 3068 358 3137 τούτων
381 3068 459 3138 οὔτε
469 3067 587 3154 γάρῶς
598 3065 776 3154 ἀφείλοντό
787 3094 844 3155 με
839 3069 1049 3141 κατέλιπενὸ-

89 3163 800 3257 πατηρέντοίςνράμμασινἀπέφηνεν,οάδ’
809 3161 857 3247 οἷς
869 3164 1103 3250 ἀποδεδω-ςης

90 3274 184 3339 κέναι
205 3276 288 3337 ταῦτ
292 3265 377 3354 ’ἔφη
398 3269 599 3356 παρέσχηται
619 3265 804 3388 μάρτυρας,
826 3264 902 3336 οὔτ’
915 3259 961 3336 αὖ
980 3269 1040 3340 τόν

90 3366 238 3456 ἀριθμόν
254 3373 324 3435 τάν
334 3367 511 3454 χρημάτων
530 3372 577 3449 είς
590 3363 670 3447 τούς
696 3359 960 3456 συνεπιτρόπους
981 3372 1041 3438 έπ-

90 3462 284 3551 ανέφερεν”
263 3484 346 3537 οσον
357 3491 459 3547 αντος
480 3474 634 3555 φαίνεται
654 3463 785 3554 λαβάν,
806 3464 900 3535 ἀλλά
908 3474 1050 3551 πολλοῖς

132 3561 268 3643 Βεττοειδ.
294 3561 414 3616 v01.11.,
803 3560 839 3616 Ἢ
