2318 3894
99 270 162 354 ,22
342 275 401 335 xx.
434 269 854 336 ΔΗΜοΣοειΝονΣ

119 431 793 520 έκείναιτοῦτῆςπόλεωςῆθους-μνημείον
805 421 1070 517 ἀσωκαίπαρα-

119 533 278 617 δείγματα
289 531 406 598 έστῦσι
416 540 483 605 τοις
493 531 708 612 βουλομένοις
718 555 747 596 τι
758 543 866 596 ποιεῖν
881 525 969 614 ὑμεῖς
985 527 1070 616 ἀγα-

119 627 205 713 θὸν,
227 628 327 707 ὅσους
344 619 594 710 εὖποιήσαυτας
605 624 625 712 ἡ
637 628 732 705 πόλις
741 625 815 694 ἀντ’
828 620 868 694 εὖ
878 634 1067 714 πεποίηκεν.

76 730 174 796 δοκοῦ
185 726 253 813 μὴν
263 723 340 813 μηδ’
355 722 453 793 ἐκεῖν’
466 721 567 809 ὑμᾶς,
582 716 926 812 ω’άνδρεςἏθηυαίοι,
938 734 1070 794 λανθα-

119 829 218 908 νέτω,
230 823 281 893 ὅτι
290 831 360 890 νῦν
369 828 547 908 αἰσχίστων
556 825 623 890 ἐστί
634 821 760 901 πάντας
770 820 974 907 ἀνθρώπους
985 828 1069 893 ίδείν

117 924 172 991 καὶ
183 918 324 990 ἀκοῦσαι
335 919 392 999 τὰς
402 921 464 1007 μὲν
475 919 664 1006 συμφοράς,
677 915 728 999 αἷς
740 917 778 987 δι’
792 917 878 1007 ῦμῦς
888 920 1068 1007 ἐχρήσαντο

117 1025 152 1088 οί
160 1019 279 1106 ἀνδρες
289 1010 391 1101 οὗτοι,
404 1019 512 1086 πάντα
522 1018 583 1086 τὸν
592 1019 716 1104 χρόνον
725 1025 841 1104 κυρίας
852 1017 965 1098 αὐτοῖς
973 1031 1070 1105 γεγε-

116 1121 277 1205 υημένας,
298 1115 356 1196 τάς
373 1121 408 1184 δὲ
418 1116 560 1202 δωρεάς,
583 1113 622 1195 ἀς
632 1116 706 1185 ἀντὶ
715 1117 844 1186 τούτων
855 1124 976 1204 ἔλαβον
986 1117 1066 1204 παρ’

76 1214 232 1338 δῦῦμῦν,
255 1217 310 1283 καί
326 1212 366 1301 δὴ
384 1217 574 1300 λελυμένας
607 1213 694 1283 πολὺ
711 1215 774 1301 γάρ
790 1214 950 1301 μαλλον
926 1241 1069 1302 ηρμοττε

118 1343 160 1407 τα
148 1314 313 1384 δοθέντα
324 1315 446 1393 έῦντας
457 1320 525 1381 τῦν
542 1311 758 1400 ἀτυχημάτων
775 1311 931 1401 ἀφαιρεῖν
945 1340 967 1400 η
986 1315 1068 1411 τοῦ·

118 1439 187 1481 των
211 1411 383 1498 μενόντων
404 1408 462 1490 τάς
486 1409 621 1497 δωρεάς.
632 1410 855 1496 ἀφαιρεῖσθαι.
887 1415 983 1498 φέρε
1003 1403 1110 1498 ydem

119 1508 202 1595 πρὸς
211 1509 310 1594 Διὸς,
332 1517 381 1587 τίς
396 1508 523 1577 ἔστιν’
502 1529 591 1587 οστις
608 1501 647 1577 εὖ
659 1507 860 1596 ποιείνῦμιῖς
870 1511 1068 1597 βουλήσεται

118 1604 308 1704 μέλλων,”
285 1635 330 1676 αν
349 1636 372 1695 μ
373 1608 410 1676 ἒν
431 1606 597 1696 ἀποτύχῃ,
618 1616 815 1728 παραχρῆμα
832 1613 929 1694 δίκην
947 1610 1067 1678 δάσειν

117 1721 185 1787 τοῖς
195 1696 370 1792 έχθροίς,’“
348 1733 392 1775 αν
403 1706 439 1776 δὲ
449 1706 658 1826 κατορθάση,
671 1706 729 1787 τάς
737 1709 870 1794 χάριτας
880 1705 958 1795 παρ’
965 1706 1067 1822 ῦμῦν

116 1803 275 1886 απίστους
285 1806 384 1887 ἕξειν

75 1915 110 1972 67
201 1904 301 1972 Πανν
310 1909 427 1972 τοίνυν
438 1901 636 1990 αχθοίμην
614 1932 674 1991 αν,
693 1932 719 1973 ω
708 1897 850 1992 ἀνδρες
861 1908 1025 1992 δικασταί,
1039 1911 1068 1974 εί

117 2009 217 2072 τοῦτο
239 2002 347 2088 μόνον
367 2003 496 2088 δόξαιμι
515 2007 644 2072 δίκαιον
660 2018 854 2091 κατηγορεῖν
869 2012 931 2072 τοῦ
948 2004 1065 2091 νόμον,

118 2128 170 2170 οτι
180 2099 323 2179 πολλοῦς
334 2103 448 2180 ξενους
459 2098 659 2187 ευεργέτας
641 2117 826 2187 ἀφαιρεῖται
835 2129 897 2190 την
906 2099 1065 2188 ἀτέλειαν,

117 2207 186 2269 νῦν
203 2201 240 2267 δὲ
256 2207 400 2269 πολιτῦν
411 2197 526 2287 μηδέν’
538 2200 632 2281 ἀξιον
645 2205 780 2288 δοκοίην
792 2207 876 2287 ἔχειν
887 2206 1066 2280 δείξαιτῦν

118 2295 310 2383 εῦρημένων
327 2277 452 2385 τάῦτην
467 2296 530 2384 τὴν
538 2326 652 2422 τιμην.
681 2303 736 2368 καί
752 2301 817 2386 γάρ
833 2299 936 2369 τάλλα
953 2298 1066 2385 ἀγαθά

117 2392 308 2492 εῦξοιίμηυ’ι
285 2423 329 2464 αν
345 2402 447 2482 ἔγωγε
466 2396 546 2482 παρ’
563 2396 641 2484 ημῖν
658 2397 742 2467 εἶναι
758 2406 908 2484 πλείστα,
931 2399 1027 2468 καί”
1005 2426 1067 2467 αν-

99 2532 100 2535 *
116 2481 248 2582 δράςάρ
249 2501 360 2574 ίστονς
370 2496 426 2563 καί
436 2503 607 2575 πλείστους
619 2493 840 2582 εὐεργέτας
800 2524 857 2584 της
867 2497 994 2576 πόλεως
1004 2521 1067 2564 πο-

72 2598 208 2671 δδλίτας
225 2591 317 2661 εἶναι.
351 2599 486 2678 πρῦτου
501 2593 562 2680 μὲν
572 2601 688 2663 τοίνυν
697 2595 843 2664 Κόνωνα
853 2608 1021 2680 σκοπεῖτε,
1038 2598 1068 2661 εί

61 2751 63 2755 .
118 2689 172 2776 ἀρ’
193 2690 285 2772 ἀξιον
302 2695 618 2777 καταμεμψαμένους
632 2688 724 2779 ἢτόν
734 2692 842 2775 ἀνδρα
852 2689 874 2778 ἢ
884 2692 926 2761 τά
937 2715 1067 2776 πεπρα-

117 2791 221 2876 νμένα
232 2786 361 2873 ἀκυρόν
372 2814 404 2855 τι
414 2796 547 2875 ποιῆσαι
556 2799 625 2858 τῦυ
635 2795 749 2880 ἐκείνω
762 2791 940 2858 δοθέντων.
968 2781 1067 2868 οὗτος

117 2887 199 2972 γὰρ,
233 2883 277 2964 ὡς
303 2882 400 2971 ὑμῶν
419 2894 522 2955 τινῶν
542 2893 631 2956 ἔστιν
652 2886 794 2957 ἀκοῦσαι
812 2895 880 2956 τῦν
900 2885 986 2955 κατά
1006 2887 1068 2974 τὴν

118 2983 225 3070 αὐτὴν
244 2981 375 3070 ἡλικίαν
392 2984 516 3073 ὄντων,
537 2985 618 3075 μετά
635 2987 697 3073 τὴν
712 2993 774 3054 τοῦ
791 2985 899 3074 δήμου
914 2984 1068 3055 κάθοδον

118 3080 180 3168 τὴν
190 3086 226 3150 ἐκ
235 3089 398 3168 Πειραιῶς
408 3082 575 3164 ἀσθενοῦς
585 3083 682 3172 ημῦν
691 3092 750 3170 τῆς
760 3085 885 3164 πόλεως
897 3083 1001 3171 οῦσης
1014 3085 1069 3152 καὶ

118 3186 206 3248 ναῦν
223 3177 381 3266 οὐδεμίαν
397 3187 612 3270 κεκτημένης,
634 3190 827 3268 στρατηγῶν
843 3191 975 3270 βασιλεῖ
986 3179 1066 3267 παρ’

117 3275 213 3365 ὑμῶν
230 3275 306 3345 οὐδ’
325 3276 485 3365 ἡντινοῦν
500 3279 658 3367 ἀφορμὴν
674 3279 788 3368 λαβών
797 3281 1068 3368 κατεναυμάχησε

117 3380 416 3466 Λακεδαιμονίους,
434 3382 489 3448 καὶ
500 3381 663 3466 πρότερον
673 3394 740 3458 τοῖς
753 3379 866 3459 ἀλλοις
877 3382 1062 3448 ἐπιτάττον

83 3515 85 3520 -
116 3500 176 3556 τας
191 3485 320 3547 είθισεν
336 3475 475 3547 ἀκούειν
485 3474 597 3566 ὑμῦν,
620 3475 941 3564 καὶτοῦςὰρμοστάς
952 3478 1067 3562 ἐξηλα-
