2318 3894
118 194 160 261 12
328 197 388 260 XX.
408 194 830 259 ΔΗΜΟΣΘΕΝΟΤΣ

117 355 179 423 τὸν
201 355 278 439 περὶ
304 360 373 422 τοῖν
396 358 615 441 τριηραρχιῶν
642 350 765 438 νόμον,
792 353 847 421 ναί
868 355 941 437 λέγε
964 359 1063 420 τοῦτο

43 467 48 475 “
116 448 209 520 αὐτό.

498 620 676 683 ΝΟΜΟΣ

182 753 212 850 [
219 708 318 830 Ἀτελῆ
329 740 361 811 66
380 746 493 828 μηδένα
512 743 751 833 εἷναιτριηραρχί
749 775 783 824 ας
803 744 881 832 πλῆν
900 757 958 814 τῶν
980 750 1065 814 ἐννέα

118 826 289 915 ἀρχόντων]
551 890 559 903 ,

73 957 109 1013 28
197 935 346 1027 ΟροῖθΗ
322 966 366 1019 ως
376 948 501 1033 σαφως,
513 932 684 1025 ονανδρες
678 949 860 1029 Αθηναῖοι,
879 945 1004 1029 μηδένα
1016 939 1062 1008 εί-

116 1066 173 1109 ναι
180 1045 388 1126 τριηραρχίας
399 1037 498 1124 ἀτελῆ
508 1035 694 1127 διῆρηιιενὸ
714 1039 813 1126 νόμος
829 1041 916 1126 πλῆυ
929 1042 1062 1107 τῶνέν-

116 1141 175 1206 νέα
185 1133 366 1223 ἀρχόντων.
389 1133 516 1204 οάιιοῦν
532 1143 568 1204 ot
583 1136 643 1222 μὲν
654 1136 776 1204 ίλάττα
792 1140 985 1224 κεκτημένοι
1000 1143 1062 1204 τοῦ
1082 1156 1088 1169 ·

116 1240 324 1322 τριηραρχίας
341 1231 399 1312 ἀξί
418 1239 504 1318 ἔχειν
521 1239 559 1302 ἐν
573 1248 643 1313 ταῖς
661 1233 1061 1320 είσφοραλςουντελοῦσιν

116 1339 165 1412 ἐίς
178 1331 238 1401 τόυ
250 1331 411 1419 πόλεμον,
433 1337 468 1399 οί
483 1329 516 1399 δ’
528 1333 763 1418 ἐφικνούμενοι
778 1339 839 1400 τοῦ
854 1345 1062 1417 τριηραρχεῖν

117 1436 164 1509 είς
173 1425 415 1515 ἀμφότερ’δμίν
426 1426 611 1514 ὑπάρξουσι
620 1431 843 1516 χρῆσιμοηκαί
853 1443 1061 1515 τριηραρχεῖν

116 1531 172 1597 καί
183 1529 356 1612 εἰσφέρειν.
384 1533 459 1594 τίνα
470 1520 532 1594 οὖν
544 1528 719 1616 ῥᾳστώνην
735 1543 803 1606 τοῖς
818 1536 951 1606 πολλοῖς
961 1525 979 1596 6
991 1526 1059 1611 σὸς,

118 1619 145 1694 6
161 1631 327 1710 Λεπτίνη,1
343 1639 431 1693 ποιεί
446 1625 548 1711 νόμος
554 1630 618 1709 ,εί
632 1632 710 1746 μιρῖς
723 1621 851 1711 ῆδυοῑν
867 1632 991 1710 φυλαῖν
1002 1625 1061 1691 ἕνα

115 1719 260 1843 χορηγὸν
280 1721 527 1809 καθίστησιν,
515 1723 552 1803 δς
569 1721 675 1791 ἀνθ’·ρ
658 1723 732 1802 ενός
750 1722 854 1791 ἀλλον
869 1718 962 1789 τοῦδ’
974 1720 1060 1800 ἅπαξ

118 1821 258 1921 ποιήσας
277 1819 552 1903 ἀπαλλάξεταις
535 1819 599 1906 εγὼ
621 1823 682 1906 μὲν
703 1818 764 1906 οάχ
785 1818 862 1906 ὁρῶ.
895 1827 952 1906 τῆς
975 1815 1057 1902 δέχ’

117 1917 274 2006 αἰσχύνης
284 1918 367 2006 ὅλην
377 1917 648 2006 ἀναπίμπλησι
612 1946 674 2006 την
684 1919 782 1987 πόλιν
798 1919 921 2004 κοίτης
932 1914 1059 1985 ἀπιστί-
1068 1926 1107 1984 46

117 2044 164 2097 ας.
197 2017 326 2101 οάιιομν
341 2017 396 2095 ὅτε
413 2025 525 2104 πολλῷ
541 2024 672 2104 μείζονα
681 2017 879 2104 βλάφειτοῖν
891 2014 1060 2135 ὠφελειῶν

118 2107 248 2236 ρῖνὲχει,
256 2114 419 2209 προσῆκει
429 2117 590 2183 λελυσθαι
606 2135 695 2202 παρα
683 2112 809 2182 τοῖσδ
823 2111 941 2193 666663
967 2109 1058 2199 ἔχοιμ’

116 2241 159 2283 αν
169 2219 280 2298 φαίην

73 2331 109 2386 6
192 2310 306 2379 ''666
308 2258 675 2399 ,ἀάνδρεςδιτασταλ,
697 2310 803 2381 διά
767 2340 805 2382 το
823 2271 1060 2399 χενράφθαιέν

92 2468 97 2479 .
117 2417 164 2500 τηῖ
173 2408 265 2498 νόμφ
279 2363 462 2497 δίαρρῆδηυ
479 2409 585 2479 αὐτου
572 2415 728 2497 μηδένα
746 2412 906 2499 μῆτετοὸν
916 2416 1061 2478 πολιτῶν

116 2507 198 2595 μήτε
214 2514 284 2575 τοῖν
300 2512 456 2575 ἰσοτελῶν
473 2509 553 2593 μῆτε
567 2515 638 2575 τῶν
654 2506 806 2588 ᾔνωνί
777 2536 791 2577 ε
805 2536 859 2577 ναι
877 2506 991 2594 ἀτελῆ,
1016 2505 1060 2593 μῆ

57 2661 63 2674 .
116 2609 295 2693 διῃρῆσθαι
312 2604 347 2672 66
364 2603 445 2673 ὅτου
456 2602 571 2691 ἀτελῆ,
591 2602 777 2693 χορηγίαςῆ
793 2605 1061 2685 τίνοςάλλουτέ-

115 2711 205 2787 λους,
213 2699 280 2772 ἀλλ’
290 2698 402 2783 διπλοῖς
411 2700 510 2789 ἀτελῆ
520 2703 739 2791 μηδέναπλῆν
747 2701 1061 2789 τῶνάφ“Αρμοδίου

73 2878 77 2885 ,
115 2799 471 2886 ταίἉριστοφείτονος,
488 2804 544 2869 καί
554 2805 590 2869 ἐν
601 2803 662 2887 μὲν
672 2811 720 2892 τῷ
729 2804 854 2888 μηδένα
864 2799 990 2879 πάντας
1001 2824 1061 2867 πε-

37 2962 41 2967 .
116 2899 333 2985 ριλαμβάνειν
343 2897 422 2977 τους
432 2898 570 2983 ἀλλους,
591 2899 924 2989 ε’νδὲτῷτῶυξένοον
933 2894 977 2983 μῆ
990 2901 1062 2964 διο-

116 3001 217 3081 ρίζειν
227 3005 294 3064 τῶν
306 2996 685 3084 οίιιοάντοννἈθῆνησιν,
703 2995 890 3082 ἀφαιρεῖται
906 2997 961 3063 καί
972 2991 1062 3062 Λεύ-

115 3119 208 3161 ιιωνα
223 3091 443 3180 τόνιάρχοντα
457 3094 635 3180 Βοσπόρου
651 3094 800 3173 καὶτοὺς
816 3099 934 3171 παῖδας
954 3089 1062 3159 αὐτοῦ

118 3289 227 3377 δῆπου
239 3285 258 3357 6
272 3289 412 3358 Λεύκων
423 3294 525 3380 ξένος,
537 3298 579 3377 τῆ
590 3285 711 3374 δὲ,παρ’
722 3283 818 3374 ὑμῶν
828 3286 958 3378 ποιῆσει
969 3292 1065 3353 πολί-

116 3413 188 3474 της·
211 3387 282 3457 κατ’
297 3386 472 3475 οὐδέτερον
482 3389 516 3458 δ’
528 3387 619 3478 αὐτῷ
627 3385 689 3474 τῆν
699 3385 848 3455 ἀτέλειαν
858 3382 918 3453 ἔστ’
933 3390 1019 3469 ἔχειν
1030 3386 1068 3452 ἐκ
