2318 3894
133 217 200 289 234
349 217 446 291 fflV·
469 200 883 288 ΔΗΜΟΣΘΕΝΟῬΣ

130 375 301 461 ,ἄρχεσθαι
312 371 485 457 σώφρονες
495 372 551 438 καὶ
563 370 697 457 χρηστοί
707 372 911 454 νομίζονται,
929 370 964 435 οί
973 365 1003 435 δ’
1018 364 1087 436 ὑπὸ

96 481 131 538 76
140 481 206 542 τῶν
224 469 422 557 ὀλιγαρχιῶν
437 467 600 552 ἄνανδροι
616 467 672 533 καί
688 471 812 559 δοῦλοι.
845 464 940 550 εὕροι
960 466 1024 552 γὰρ
1043 462 1089 534 οἲν

138 567 183 651 ῶς
193 567 328 655 ἀληθῶς
338 575 435 635 τοῦτο
447 563 717 653 προχειρότατον,
737 562 790 633 ὅτι
806 571 874 633 τῶν
889 562 952 650 μὲν
968 566 1006 631 ἐν
1017 578 1089 644 ταῖς

17 727 20 734 ,
136 665 337 755 ὀλνγαρχίαις
348 664 482 742 ἕκαστος
492 663 596 730 καὶτὰ
613 664 827 750 πεπραγμένα
836 668 936 730 λῦσαι
945 663 1001 736 καὶ
1011 664 1089 748 περί

129 757 1001 850 ,τῶνμελλόντωνἃδναύτῷδοκῇπροστιίξαικύριόςέ
1001 779 1087 845 στιν,

138 865 174 931 οί
181 861 268 930 δι’
228 887 325 947 νομοι
336 861 410 946 περί
420 868 488 929 τῶν
498 856 722 944 μελλόντων“
700 885 721 926 α
733 884 795 945 χρη
784 856 984 945 γίγνεσθαι
996 859 1087 963 φροί-

138 965 245 1042 ζουσι,
267 955 348 1043 μετὰ
365 964 431 1025 τοῦ
441 969 550 1025 πείσαι
566 953 718 1037 τεθέντες
740 953 784 1036 63
803 963 997 1025 συνοίσουσι
1016 971 1086 1035 τοῖς

136 1059 323 1143 χρωμένοις.
356 1053 560 1142 Τιμοκρατης
569 1062 685 1123 τοίνυν
693 1058 731 1125 έν
742 1055 1084 1142 δημοκρατουμένῃ
1045 1080 1085 1141 τρ

137 1153 233 1223 πόλει
254 1150 449 1239 νομοθετῶν
468 1152 530 1239 τὴν
550 1154 586 1220 ἐκ
608 1160 666 1238 τῆς
687 1149 876 1239 ὀλιγαρχίας
892 1150 1024 1221 ἀδικίαν
1041 1158 1087 1229 είς

137 1250 200 1320 τὸν
211 1249 318 1319 αὑτοῦ
335 1250 441 1338 νόμον
451 1249 646 1336 μετήνεγκε,
664 1252 719 1316 καί
736 1251 888 1334 περὶτῶν
899 1257 1144 1334 παρεληλυ-σγς

134 1351 254 1425 ,θότων
264 1346 369 1420 αὑτὸν
386 1347 667 1435 κυριοέτεροντῶν
677 1345 912 1439 καταγνόντοιν
923 1350 1087 1415 δικαστῶν

130 1446 256 1537 νγξίωσε
267 1455 409 1534 ποιησαι

98 1556 130 1613 77
223 1542 339 1613 Καθ’
300 1569 342 1611 ου
352 1552 451 1614 τοῦτο
462 1543 568 1628 μόνον
579 1548 762 1630 πεποίηκεν
774 1533 983 1644 ὑβριστικδχ,
1001 1539 1086 1609 ἄλλα

141 1645 197 1712 καί
206 1637 446 1732 γέγραπται,
423 1666 492 1726 νγτο
482 1638 625 1708 λοιπὸν
638 1641 697 1708 ἐάν
717 1667 782 1708 τινι
799 1646 1009 1728 προστιμηθῇ
1031 1644 1087 1707 δε·

141 1732 1084 1828 σμοῶ,είναικαταστήσαντιτοὺςίγγυρτάς,ἧμὴνέκτισειν,

139 1833 308 1958 δινεῖσθαι.
340 1841 446 1903 καίτοι
464 1843 548 1931 χρῆν
565 1833 721 1918 αυτόν,ε
723 1843 787 1904 ίτο
777 1833 962 1910 δεδέσθαι
974 1835 1086 1904 δεινὸν

138 1932 259 2020 ἡγεῖτο,
271 1934 583 2021 μηδενίπροστιμοῖν
607 1928 644 2011 63
660 1927 704 2002 δν
725 1931 805 2019 ὑμῖν
816 1933 975 2021 ἐγγυητὰς
986 1943 1086 2002 καθι-

39 2050 42 2057 ·
139 2038 201 2120 στῇ
223 2035 347 2119 δεσμου
358 2040 590 2119 νομοθετῆσαι,
597 2059 641 2121 μη
631 2031 864 2119 προλαβόντα
878 2031 1087 2118 κατεγνωκό-

69 2156 196 2235 τας
216 2127 303 2216 ὑμᾶς
324 2126 384 2198 τδν
409 2127 533 2216 δεσμὸν
549 2127 627 2216 μηδ’
639 2131 768 2217 ἐχθρῶς
789 2132 982 2204 διατεθέντα
1003 2128 1086 2213 πρὸς

69 2186 225 2315 ὑμᾶς
240 2227 302 2297 τὸν
320 2227 473 2315 ἡλωκότα
489 2254 668 2316 τηνικαντα
686 2241 797 2296 ποιεῖν
809 2225 871 2313 τὴν
881 2228 1084 2319 ἐξεγγύησιν.

135 2328 216 2395 νυνί
228 2325 260 2396 δ
262 2325 392 2447 ,ὥσπερ
404 2322 775 2448 ἐνδεικνύμενοςὸτι,”
732 2353 795 2394 καν
806 2322 886 2412 ὑμῖν
897 2329 980 2413 δοκῇ
993 2328 1085 2393 δεδέ·

135 2435 222 2503 >σθαι
232 2451 322 2511 τινα,
345 2451 446 2505 αυτος
457 2422 598 2510 αφησει,
619 2414 810 2509 τουτονθν
820 2448 945 2508 τροπον
955 2449 1014 2493 τον
1025 2449 1085 2492 νο-

96 2535 130 2592 78
137 2547 203 2611 μον
214 2521 413 2607 εἰσήνεγκεν.
446 2515 495 2605 ἆρ’
510 2517 575 2589 οὖν
584 2548 630 2610 τχα
642 2528 734 2589 δοκεῖ
747 2525 927 2608 συμφέρειν
938 2531 979 2611 τῇ
990 2521 1097 2589 πόλει·

138 2627 287 2696 τοιοῦτος
297 2617 398 2704 νόμος
415 2615 452 2696 63
462 2621 674 2706 δικαστηρίου
684 2617 838 2702 γνώσεως
849 2617 949 2697 αὐτὸς
959 2618 1084 2704 κυριώ-

139 2807 630 2896 ἀνωμότοις.προστάξειλύειν;
652 2811 716 2898 ίγῶ
733 2812 845 2898 μὲν
806 2839 867 2881 ουκ
877 2840 976 2901 οιμαι
1006 2819 1087 2900 φαί-

139 2934 230 2978 νεται
249 2915 366 2980 τοίνυν
387 2907 404 2980 6
427 2910 549 2979 τούτου
572 2912 673 2998 νόμος
690 2909 794 2983 ταῦτ’
803 2909 922 2998 ἔχειν’
903 2910 1083 2998 αμφότερα

140 3005 206 3075 ὥστ
209 3005 348 3094 Πείπερ
328 3016 425 3094 υμῶν
435 3009 560 3107 εκοίστῳ
572 3011 766 3130 μέλειτιτῆς
776 3015 940 3087 πολιτείας
950 3036 1005 3077 και
993 3011 1086 3077 δεῖν

139 3116 240 3175 εται
250 3113 370 3195 κυριαν
378 3102 507 3177 εἶναι
471 3135 532 3194 την
543 3133 648 3176 αντου
659 3133 796 3194 γνωμην
806 3098 1087 3198 περίανανομω-

137 3201 248 3288 μοκῶς
264 3213 460 3322 ψχφίσηται,
485 3207 600 3283 λυτέος
616 3202 727 3273 καί’
688 3230 750 3273 ουκ
768 3199 915 3283 ἐατέος*
900 3229 918 3272 ο
935 3211 1087 3285 τοιοῦτος

138 3299 239 3387 νόμος
253 3300 367 3384 κύριος
378 3304 454 3369 νυνὶ
464 3305 640 3393 γενέσθαι.Ι
1093 3314 1096 3318 ’

38 3464 44 3484 =
95 3406 129 3460 79
222 3393 273 3466 06
290 3399 404 3492 τοίνυν
416 3395 600 3487 ἀπέχρησεν
610 3399 699 3491 αὐτῷ
712 3399 752 3470 τοὶ
764 3401 957 3488 δικαστήρια
975 3399 1085 3487 ἄκυρα
