2318 3894
305 275 446 336 ΠΡΟΣ
463 273 838 338 ΝΑΤΣΙΜΑΧΟΝ.
985 275 1049 340 459

105 436 212 505 διέλυε
225 430 404 555 γράματυὸ
418 430 600 519 Ἑρμῶναξ,
618 429 682 500 οὐκ
697 429 927 521 άντέδιοιιεν,“
906 461 945 503 οτ
944 427 1050 521 ’ἦσαν
1119 425 1127 448 “

104 538 233 613 παιδος·
254 558 296 601 ου
287 530 372 619 γάρ
383 534 433 610 δίς
443 556 481 616 γε
491 556 595 598 ταντα
584 529 779 600 κατετιδει
810 538 901 601 ἐστιν
915 526 978 601 ουν
988 560 1049 602 ου-

102 656 149 700 νοο
170 655 219 711 τις
239 627 470 715 άνθράιιον”
448 651 570 708 ατοιτος
590 627 672 697 ὥσθ’
690 626 714 698 ά
732 629 811 711 τούς
826 637 964 718 κυρίους
981 636 1050 700 διε-

45 742 48 751 “
102 729 268 813 κρούσατο
280 753 325 814 μη
314 725 531 797 καταθεῖναι
545 734 707 797 τοσοῦτον
722 729 862 817 χρόνον,
883 739 988 800 ταῦτα
1002 739 1049 821 τῷ

104 824 148 914 μὴ
165 830 256 914 κυρί
244 850 270 891 ω
286 827 450 910 πέμψαντι
465 825 641 944 γράμματα
657 825 743 896 ἕκάν
760 826 963 911 άτιοδοῦναις
984 825 1049 926 ἐγώ

62 920 224 1010 13μέν’
185 949 248 992 ουκ
264 920 362 1009 οἶμαι.
396 921 482 991 άλλᾶ
498 920 568 1009 μὴν
585 919 628 1002 ὡς
642 921 754 1010 άληδῆ
769 930 870 1013 λέγω,
892 919 1049 1012 καὶὸμέν

103 1046 210 1110 κατηρ
220 1019 429 1107 ἐτελευτησεν
438 1019 566 1098 ευθέως
576 1045 657 1106 μετα
667 1045 726 1100 τας
737 1023 964 1112 διαλνσεις,τῷ
976 1032 1048 1108 Δη·

102 1124 231 1210 μαρέτω
249 1117 281 1187 δ
297 1114 507 1186 ονδετιάποδ’
525 1144 620 1186 ουτοι
636 1118 766 1188 τούτων
785 1123 859 1187 τῶν
872 1121 1049 1207 χρημάτων

103 1223 200 1303 δίκην
210 1221 341 1301 ἔλαχον,
360 1212 433 1282 οὐδ’
447 1214 533 1294 ολοος
543 1217 736 1295 ἐξέπλευσεν
746 1220 870 1297 ἐκεῖνος
879 1217 988 1287 ουδ
967 1243 1049 1286 απε-

103 1314 248 1402 δήμησεν
259 1317 373 1398 ἐκεῖσε,
385 1313 465 1399 λαβὲ
475 1311 534 1391 τὰς
544 1320 733 1399 μαρτυρίας.

407 1455 705 1519 ·ΜΛΡΤΤΡΙΑΙ.

61 1588 95 1642 14
177 1561 248 1633 οτι
257 1561 319 1650 μὲν
329 1569 445 1631 τοίνυν
456 1559 565 1630 01’51‘7’e
546 1589 565 1631 ο
584 1560 692 1651 πατὴρ
709 1589 791 1649 μετα
801 1592 865 1652 την
875 1564 997 1651 αφεσιν
1007 1591 1048 1633 τα

101 1661 228 1749 χρήματ
225 1659 500 1767 ἐίσέιεραξεν,”
459 1658 526 1729 οντ’
539 1688 583 1729 αν
591 1663 744 1730 ἔδωκεν
727 1688 813 1731 εκοεν
823 1660 947 1743 ουδεὶς
959 1672 994 1732 εί
999 1689 1049 1731 τι·

101 1787 144 1828 να
155 1755 331 1844 ἐπεμψενὸ
345 1734 551 1846 Δημάρετος,
564 1759 625 1827 οὔτ
624 1756 901 1830 ’άνέιιλευσεν’
859 1757 960 1840 αυτὸς
971 1757 1048 1829 οὐδ’

103 1856 238 1943 ἀφίκετο
249 1860 368 1942 ἐκεῖσε,
387 1861 491 1942 δῆλον
507 1859 543 1926 ἐκ
560 1864 627 1926 ταῖν
636 1859 768 1944 χρόνον
779 1860 834 1927 καί
844 1883 1049 1946 τανμαρτυ·

104 1979 186 2040 ριιον
196 1967 277 2039 νμιν
287 1956 432 2038 γεγονεν
459 1953 624 2039 βούλομαι
638 1956 819 2024 τοίνυνκαὶ
829 1953 914 2035 ολως
924 1961 1048 2037 ψευδο·
1100 1998 1104 2004 ·

103 2057 223 2168 μένους
240 2075 363 2129 αυτους
379 2045 460 2118 ὅλον
475 2048 513 2117 vo*
531 2057 667 2137 πρᾶγμα
684 2055 847 2132 ἐπιδεῖξαι.
881 2046 974 2122 οὗτοι
984 2054 1048 2139 γάρ

9 2179 12 2183 ·
101 2149 307 2237 γεγράφασιν
327 2144 414 2226 είς“
394 2173 412 2215 ο
435 2173 500 2215 νυν
522 2154 667 2236 ἔγκλημα
689 2150 881 2238 διώκουσιν,
903 2149 1049 2235 ὀφείλειν
1072 2218 1076 2223 .

101 2246 187 2336 ἡμεῖς
196 2247 234 2316 τδ
245 2244 409 2366 ἀργύριον
420 2249 646 2366 κομισαμένου
661 2274 723 2316 του
735 2246 858 2333 πατρὸς
874 2253 930 2317 καί
941 2272 1049 2331 νεαρα-

102 2347 219 2424 δόντος
238 2341 350 2423 αυτοῖς
372 2351 472 2412 τοῦτο
489 2370 527 2412 το
516 2341 651 2432 χρέως
668 2349 704 2413 ἐν
723 2353 769 2437 τῷ
791 2344 879 2434 λόγῳ
898 2351 958 2431 τῆς
978 2348 1050 2412 ἐντι-

52 2469 55 2474 ·
102 2450 225 2528 τροπῆς
242 2437 471 2528 ὀφειλόμενον.
506 2449 565 2512 καί
576 2469 633 2537 μοι
649 2445 724 2529 λέγε
741 2440 822 2511 αὐτὰ
841 2439 879 2510 τδ
904 2447 1049 2529 ἔγκλημα

102 2539 223 2626 λαβάν.

122 2635 133 2654 ⁰
454 2646 690 2742 ΕΓΚΑΗΙλίΑ.
802 2710 806 2719 ,
1097 2732 1101 2737 ,

58 2773 92 2827 15
181 2753 333 2823 Ἀκούετε
352 2756 582 2842 γεγραμμένον
603 2758 641 2823 ἐν
663 2760 712 2843 τῷ
730 2751 908 2841 ἐγκλήματι
919 2749 1051 2837 “παρα-
1073 2796 1078 2807 ·

95 2848 236 2931 “δόυτος
255 2855 327 2939 ἐμοὶ
343 2861 404 2922 τοῦ
424 2851 653 2940 Ἀρισταίχμου
669 2850 708 2921 τδ
725 2854 831 2938 χρίοις
843 2854 881 2920 ἐν
897 2857 943 2939 τῷ
960 2849 1048 2936 λόγῳ

97 2945 176 3035 “τῆς
186 2949 407 3036 ἐπιτροπῆς.”·
424 2951 478 3019 ὅτε
492 2959 609 3020 τοίνυν
625 2951 807 3036 ἐλάγχανον
822 2955 868 3038 τῷ
884 2947 981 3030 πατρὶ
992 2952 1049 3030 τῆς
1059 2964 1112 3020 989

101 3050 293 3134 ἐπιτροπῆς,
314 3043 471 3117 τάναντία
488 3051 676 3136 ἐγράψαπο
690 3048 833 3116 τούτων·
856 3041 900 3124 ὥς
910 3042 974 3130 γάρ
987 3041 1050 3112 οὐκ

101 3142 261 3215 άιτοδόντι
272 3144 446 3230 λόγοντότ’
458 3151 674 3233 ἐγκαλοῦντες
686 3152 870 3231 φαίνονται.
900 3145 975 3228 λέγε
985 3139 1050 3211 αιἰ·

100 3244 137 3312 τὸ
150 3244 187 3313 τὸ
198 3240 386 3332 ἐγκλημα,“
365 3271 385 3313 ο
395 3245 453 3313 τότ
452 3243 591 3333 ’ἔλαχον
600 3271 647 3336 τῳ
633 3250 765 3331 πατρί.
939 3256 943 3263 ’

454 3366 688 3455 EPKAHMA
770 3405 773 3409 -

57 3487 92 3543 16
181 3470 236 3540 Ἐν
253 3452 348 3562 ιιοίρι·
352 3473 394 3559 δὴ
412 3473 502 3563 λόγῳ
518 3482 587 3542 νῦν
600 3469 809 3559 ἐγκαλεῖτε
786 3498 829 3552 ως
845 3473 1048 3558 ιταρέδιικεν,
