2318 3894
272 228 275 233 ’
361 250 506 313 ΚΑΤΑ
534 248 780 314 Μεινιου.
983 253 1044 318 111

84 411 181 483 “de'tv
189 412 342 500 χρήματα
354 414 528 497 εἰσφέρειν.
562 409 630 478 εἶτα
640 411 819 496 θαυμάζετ’
834 418 865 480 εί
879 421 987 493 κακῶς
1003 408 1043 482 τὰ

43 506 48 516 ’
86 507 284 600 “πράχμαθ’
297 507 378 596 ὑμίν
389 514 469 595 ἔχεις
492 510 548 594 ἐμὲ
559 506 668 576 οἴεσθ’
681 507 760 594 ὑμίν
771 518 940 596 εἰσοίσειν,
952 510 1045 597 ὑμείς

85 607 144 680 ’βε
155 617 346 696 νεμεῖσθαις
368 607 423 694 ἐμὲ
433 616 547 676 οἴεσθε
556 608 821 695 τριηραρχήσειν,
834 607 927 695 ὑμεῖς
937 608 969 677 δ’
982 609 1045 677 οὐκ

39 703 346 796 wammam?
369 703 504 773 τοιαῦθ’
523 705 668 791 ὑβρίζων
684 709 739 773 καὶ
755 705 816 792 τήν
831 705 896 775 ἀπὸ
908 706 965 794 τῆς
977 721 1045 788 ψυ-
1055 713 1107 768 580

89 812 150 894 χής
161 810 299 889 πικρίαν
309 804 364 871 καὶ
374 803 566 888 κακόνοιαν,
577 800 621 889 ἣν
633 801 715 870 κατὰ
725 813 794 872 τῶν
803 813 937 873 πολλῶν
948 802 1044 890 ὑμῶν

89 898 304 990 ἕχωνάφοινῆ
314 899 395 987 παρ’
407 902 512 991 ἑαυτῷ
526 905 746 988 περιέρχεται,
759 902 910 991 φανερὰν
920 906 974 972 ἐπὶ
982 912 1044 972 τοῦ

90 1007 213 1086 καιροῦ
223 999 393 1077 καθιστάς.
417 1003 469 1066 ὑεῖ
477 1006 608 1085 τοίνυν,
622 995 779 1086 ῶάνὺρες
785 1000 972 1089 Ἀθηναῖοι,
987 1005 1050 1091 καί·
1133 1054 1135 1058 ,

91 1096 178 1186 ὑμᾶς
189 1095 278 1165 οὑτω
289 1104 371 1182 νῶν,
384 1096 465 1165 ὅταν
476 1101 646 1177 ἐξαπατῶν
656 1100 711 1194 καὶ
722 1106 907 1189 φενακίζων
918 1098 1043 1186 ὀδύρη-

90 1225 145 1266 ται
154 1200 211 1267 καὶ
221 1197 305 1284 κλάη
315 1198 371 1264 καὶ
381 1195 502 1282 δέηται,
514 1195 610 1265 ταῦθ’
622 1194 824 1283 ὑποβάλλειν
832 1196 937 1287 αὐτῷ·
954 1195 1044 1265 “τοι-

85 1293 281 1381 “οῶτοςχι“ιρ
294 1293 337 1377 εί,
361 1299 501 1362 Μειδία·
522 1292 680 1382 ὑβριστής
695 1291 760 1379 χάρ
773 1293 815 1380 εί,
838 1293 901 1362 οὑκ
918 1298 1044 1374 ἐθέλεις

85 1393 195 1482 “blant
205 1392 296 1476 παραὶ
307 1401 435 1482 σεαυτῷ
444 1391 490 1460 τῶ
501 1407 597 1477 χεῖρε.
629 1391 696 1459 εἶτα
707 1392 886 1476 θαυμάζεις
896 1399 927 1462 εί
941 1391 1043 1471 κακὰς

82 1488 218 1573 “κακῶς
228 1491 361 1574 ἀπολεῖς
372 1489 455 1559 ἀλλά
467 1496 607 1576 νομίζεις
617 1491 703 1577 ἡμεῖς
712 1493 773 1576 μὲν
783 1488 963 1570 ἀνέξεσθαί
971 1509 1043 1576 σου,

86 1590 209 1670 ἀὐτὸς
221 1590 258 1658 δὲ
267 1588 460 1675 τυπτήσεινς
471 1590 527 1656 καὶ
536 1586 622 1675 ήμάς
630 1588 691 1675 μὲν
698 1587 965 1675 ἀποψηφιεῖσθαί
970 1610 1043 1675 σου,

88 1684 255 1758 “σὺὑ“εοὺ
265 1680 493 1768 παὺσεσθαις”

39 1813 81 1868 m
174 1787 243 1854 Καὶ
259 1792 447 1878 βοηθοῦσιν
463 1789 497 1853 oc
510 1788 661 1871 λε’χοντες
671 1784 754 1872 ὑπὲρ
766 1785 872 1856 αὑτοῦ
882 1786 943 1874 οὐχ
954 1787 1042 1855 οὑτω

89 1884 198 1974 τούτῳ
210 1889 411 1970 χαρίσασθαι
421 1880 466 1969 μὰ
477 1881 556 1963 τούς
566 1883 668 1964 θεοὺς
677 1887 892 1973 βουλόμενοι,
906 1885 950 1966 ῶς
961 1890 1041 1973 ἐπη-

90 1984 220 2071 ρεάζειν
241 1981 313 2066 ἐμοὶ
335 1978 388 2048 ὑιά
411 1979 472 2066 τήν
493 1987 582 2050 ίὺίαν
602 1988 743 2071 ἔχθραν,
767 1982 810 2071 ήν
831 1978 929 2064 οὗτος
949 1984 1040 2075 αὑτῶ

89 2078 175 2166 πρὸς
185 2077 258 2165 ἐμὲ,
277 2076 320 2145 ἄν
329 2075 359 2145 τ’
373 2078 436 2164 ἐγῶ
447 2089 502 2164 φῶ
512 2080 557 2147 ἀν
565 2105 601 2148 τε
610 2080 655 2168 μή
668 2091 722 2165 φῶ
728 2133 747 2168 ,.
757 2085 859 2168 φησὶν
869 2083 969 2170 εἶναι,
986 2089 1042 2152 καὶ

89 2179 237 2269 βιάζεται
245 2176 312 2257 ὀὑκ
322 2175 442 2263 ὀρθῶς.
465 2177 549 2246 ἀλλά
560 2181 749 2248 κινδυνεύει
758 2178 795 2247 τὸ
807 2189 883 2248 λίαν
895 2178 1042 2266 εὑτυχείν

90 2280 197 2348 ἐνίοτε
208 2281 362 2363 ἐπαχθείς
372 2291 493 2345 ποιεῖν·
514 2275 600 2344 ὅπου
610 2274 674 2362 γὰρ
685 2276 749 2361 ἐχῶ
760 2277 821 2362 μὲν
832 2274 909 2344 οὐδὲ
920 2302 1044 2345 πεπον-

90 2375 163 2456 θῶς
173 2385 286 2455 κακῶς
298 2374 423 2463 ἐχθρὸν
434 2374 521 2443 είναί
528 2400 583 2460 μοι
594 2383 715 2442 τοῦτον
725 2373 886 2461 ὁμολογῶ,
899 2367 996 2454 οὑτος
1007 2377 1044 2444 δὲ

92 2473 164 2546 οὐδ’
169 2475 313 2562 ἀφιέντα
325 2474 472 2561 ἀφίησιν,
481 2472 626 2542 ἀλλὰκαὶ
633 2475 684 2542 ἐπὶ
692 2469 947 2557 τοίςάλλοτρίοις
955 2470 1044 2559 ἀγῶ-

91 2593 148 2643 σιν
164 2572 299 2662 ἀπαντᾷ
315 2577 370 2642 καὶ
385 2582 452 2641 νῶν
469 2571 670 2661 ἀναβήσεται
687 2575 769 2660 μηδὲ
784 2580 843 2659 τῆς
853 2578 966 2659 κοινῆς
975 2579 1044 2640 τῶν

93 2674 208 2761 νόμων
226 2674 416 2760 ἐπικουρίας
425 2670 526 2752 ἀξιῶν
536 2674 606 2758 ἐμοὶ
617 2686 775 2757 μετεῖναι,
795 2680 865 2752 πῶς
876 2663 1044 2757 οὑχοὺτος

94 2769 242 2858 ἐπαχθής
257 2772 347 2838 ἐστιν
363 2770 427 2858 ήδη
444 2773 499 2838 καί
516 2765 666 2858 μείζωνή
677 2768 757 2838 καθ’
771 2770 852 2839 ὅσον
862 2768 957 2858 ήμῶν
967 2772 1045 2839 ἑκά-

44 2881 159 2960 λθδστφ
171 2872 353 2956 συμφέρεις
365 2875 412 2936 ἔτι
421 2875 537 2938 τοίνυν
546 2878 673 2957 παρῆν,
697 2863 725 2938 ἀ
736 2869 855 2959 ἀνδρες
862 2867 1042 2956 Ἀθηναίοι,

94 2970 147 3037 καὶ
155 2975 287 3054 καθῆτο
298 2965 471 3053 Εὔβουλος
482 2971 519 3037 ἐν
530 2977 576 3058 τῷ
590 2969 731 3058 θεάτρφ,
740 2966 823 3037 ὑτεὸ
836 2973 938 3054 ὑήμος
947 2995 1045 3037 κατε-

96 3068 304 3155 χειροτόνησε
313 3071 474 3155 Μειδίου,
496 3072 551 3136 καί
562 3068 767 3154 καλούμενος
783 3065 941 3153 ὀνομαστὶ
950 3064 1044 3134 ἀντι-

98 3171 278 3250 βολοὺντος
287 3164 410 3234 τούτου
420 3169 475 3234 καὶ
486 3173 717 3253 λιπαροῦντος,
731 3164 774 3246 ἀς
784 3163 877 3252 ὑμεῖς
889 3176 967 3254 ἴστε,
980 3164 1043 3235 οὑκ

98 3259 223 3352 ἀνίστη.
258 3266 315 3332 καὶ
331 3264 446 3350 μήνεί
459 3264 520 3351 μὲν
535 3268 637 3352 μηδὲν
653 3262 846 3352 ήδικηκότος
861 3263 971 3352 ήχείτο
981 3264 1043 3349 τήν

100 3363 267 3450 προβολήν
281 3371 500 3450 γενενῆσθαι,
522 3363 591 3433 τότ’
610 3369 677 3433 ἔδει
694 3363 808 3449 τόνγε
825 3371 924 3450 φίλον
934 3364 1044 3449 δήπου

102 3475 267 3530 συνειπεῖν
276 3462 332 3529 καὶ
342 3468 523 3550 βοηθήσοι·
546 3469 577 3533 εί
591 3464 627 3562 ὑὲ
637 3462 823 3549 καταχνοὺς
833 3461 960 3530 ἀδικεῖν
970 3459 1043 3526 τότε
1052 3473 1104 3529 581
