<?xml version="1.0" encoding="UTF-8"?>
<!DOCTYPE html PUBLIC "-//W3C//DTD XHTML 1.0 Transitional//EN"
    "http://www.w3.org/TR/xhtml1/DTD/xhtml1-transitional.dtd">
<html xmlns="http://www.w3.org/1999/xhtml" xml:lang="en" lang="en">
 <head>
  <title>
</title>
<meta http-equiv="Content-Type" content="text/html;charset=utf-8" />
  <meta name='ocr-system' content='tesseract 3.04.00' />
  <meta name='ocr-capabilities' content='ocr_page ocr_carea ocr_par ocr_line ocrx_word'/>
</head>
<body>
  <div class='ocr_page' id='page_1' title='image "./orationesexrece00demogoog_0406.png"; bbox 0 0 2318 3894; ppageno 0'>
   <div class='ocr_carea' id='block_1_1' title="bbox 143 208 894 312">
    <p class='ocr_par' dir='ltr' id='par_1_1' title="bbox 143 208 894 312">
     <span class='ocr_line' id='line_1_1' title="bbox 143 208 894 312; baseline 0.001 -3"><span class='ocrx_word' id='word_1_1' title='bbox 143 247 212 310; x_wconf 73' lang='grc' dir='ltr'><strong><em>οτι</em></strong></span> <span class='ocrx_word' id='word_1_2' title='bbox 343 250 460 312; x_wconf 80' lang='lat' dir='ltr'><strong>xxxu.</strong></span> <span class='ocrx_word' id='word_1_3' title='bbox 482 208 894 310; x_wconf 75' lang='grc' dir='ltr'><strong><em>ΔΗΜοΣοοαουΣ</em></strong></span> 
     </span>
    </p>
   </div>
   <div class='ocr_carea' id='block_1_2' title="bbox 9 403 1142 3531">
    <p class='ocr_par' dir='ltr' id='par_1_2' title="bbox 9 403 1142 3531">
     <span class='ocr_line' id='line_1_2' title="bbox 148 403 1100 496; baseline 0.004 -22"><span class='ocrx_word' id='word_1_4' title='bbox 148 408 271 475; x_wconf 88' lang='grc' dir='ltr'><strong><em>τούτου</em></strong></span> <span class='ocrx_word' id='word_1_5' title='bbox 282 409 336 475; x_wconf 80' lang='grc' dir='ltr'><strong><em>καὶ</em></strong></span> <span class='ocrx_word' id='word_1_6' title='bbox 347 415 473 493; x_wconf 82' lang='grc' dir='ltr'><strong><em>μᾶλλον</em></strong></span> <span class='ocrx_word' id='word_1_7' title='bbox 490 403 599 493; x_wconf 79' lang='grc' dir='ltr'><strong><em>ήρείτο</em></strong></span> <span class='ocrx_word' id='word_1_8' title='bbox 612 404 712 484; x_wconf 89' lang='grc' dir='ltr'><strong><em>αύτός</em></strong></span> <span class='ocrx_word' id='word_1_9' title='bbox 728 433 763 475; x_wconf 88' lang='grc' dir='ltr'><strong><em>τε</em></strong></span> <span class='ocrx_word' id='word_1_10' title='bbox 780 413 938 493; x_wconf 83' lang='grc' dir='ltr'><strong><em>κερδᾶναι</em></strong></span> <span class='ocrx_word' id='word_1_11' title='bbox 952 410 1009 477; x_wconf 77' lang='grc' dir='ltr'><strong><em>καὶ</em></strong></span> <span class='ocrx_word' id='word_1_12' title='bbox 1019 406 1100 496; x_wconf 82' lang='grc' dir='ltr'><strong><em>ήμῑν</em></strong></span> 
     </span>
     <span class='ocr_line' id='line_1_3' title="bbox 149 499 1100 593; baseline 0.002 -21"><span class='ocrx_word' id='word_1_13' title='bbox 149 505 189 572; x_wconf 81' lang='grc' dir='ltr'><strong><em>τὰ</em></strong></span> <span class='ocrx_word' id='word_1_14' title='bbox 202 509 310 573; x_wconf 93' lang='grc' dir='ltr'><strong><em>δίκαια</em></strong></span> <span class='ocrx_word' id='word_1_15' title='bbox 328 502 529 590; x_wconf 78' lang='grc' dir='ltr'><strong><em>ἀποδοῦναι,</em></strong></span> <span class='ocrx_word' id='word_1_16' title='bbox 547 499 570 590; x_wconf 84' lang='grc' dir='ltr'><strong><em>ή</em></strong></span> <span class='ocrx_word' id='word_1_17' title='bbox 587 506 878 590; x_wconf 79' lang='grc' dir='ltr'><strong><em>κατακοινωνήσας</em></strong></span> <span class='ocrx_word' id='word_1_18' title='bbox 893 504 1025 584; x_wconf 78' lang='grc' dir='ltr'><strong><em>τούτοις</em></strong></span> <span class='ocrx_word' id='word_1_19' title='bbox 1040 515 1100 593; x_wconf 79' lang='grc' dir='ltr'><strong><em>τῆς</em></strong></span> 
     </span>
     <span class='ocr_line' id='line_1_4' title="bbox 148 597 1099 691; baseline 0 -19"><span class='ocrx_word' id='word_1_20' title='bbox 148 604 209 689; x_wconf 74' lang='grc' dir='ltr'><strong><em>μὲν</em></strong></span> <span class='ocrx_word' id='word_1_21' title='bbox 221 601 379 689; x_wconf 77' lang='grc' dir='ltr'><strong><em>ὠφελείας</em></strong></span> <span class='ocrx_word' id='word_1_22' title='bbox 388 603 527 684; x_wconf 79' lang='grc' dir='ltr'><strong><em>τούτους</em></strong></span> <span class='ocrx_word' id='word_1_23' title='bbox 538 608 674 687; x_wconf 87' lang='grc' dir='ltr'><strong><em>ποιήσαι</em></strong></span> <span class='ocrx_word' id='word_1_24' title='bbox 683 597 826 687; x_wconf 78' lang='grc' dir='ltr'><strong><em>μερίτας,</em></strong></span> <span class='ocrx_word' id='word_1_25' title='bbox 838 601 923 688; x_wconf 79' lang='grc' dir='ltr'><strong><em>ἡμᾶς</em></strong></span> <span class='ocrx_word' id='word_1_26' title='bbox 934 601 967 671; x_wconf 85' lang='grc' dir='ltr'><strong><em>δ’</em></strong></span> <span class='ocrx_word' id='word_1_27' title='bbox 980 600 1099 691; x_wconf 75' lang='grc' dir='ltr'><strong><em>ἀδική-</em></strong></span> 
     </span>
     <span class='ocr_line' id='line_1_5' title="bbox 148 695 1111 785; baseline -0.002 -16"><span class='ocrx_word' id='word_1_28' title='bbox 148 720 217 769; x_wconf 86' lang='grc' dir='ltr'><strong><em>σαι·</em></strong></span> <span class='ocrx_word' id='word_1_29' title='bbox 242 698 286 779; x_wconf 78' lang='grc' dir='ltr'><strong><em>ὡς</em></strong></span> <span class='ocrx_word' id='word_1_30' title='bbox 297 701 333 769; x_wconf 73' lang='grc' dir='ltr'><strong><em>δὲ</em></strong></span> <span class='ocrx_word' id='word_1_31' title='bbox 344 695 710 785; x_wconf 83' lang='grc' dir='ltr'><strong><em>δεῦροήκοντοςαύτού</em></strong></span> <span class='ocrx_word' id='word_1_32' title='bbox 726 700 782 766; x_wconf 78' lang='grc' dir='ltr'><strong><em>καί</em></strong></span> <span class='ocrx_word' id='word_1_33' title='bbox 800 698 875 784; x_wconf 78' lang='grc' dir='ltr'><strong><em>περὶ</em></strong></span> <span class='ocrx_word' id='word_1_34' title='bbox 892 706 998 766; x_wconf 82' lang='grc' dir='ltr'><strong><em>ταῦτα</em></strong></span> <span class='ocrx_word' id='word_1_35' title='bbox 1011 725 1111 784; x_wconf 34' lang='grc' dir='ltr'><strong><em>πρυ-υ</em></strong></span> 
     </span>
     <span class='ocr_line' id='line_1_6' title="bbox 147 792 1097 885; baseline 0.002 -21.047"><span class='ocrx_word' id='word_1_36' title='bbox 147 799 395 883; x_wconf 82' lang='grc' dir='ltr'><strong><em>γματευομέυου</em></strong></span> <span class='ocrx_word' id='word_1_37' title='bbox 405 799 570 882; x_wconf 81' lang='grc' dir='ltr'><strong><em>ἐπανῆκεν</em></strong></span> <span class='ocrx_word' id='word_1_38' title='bbox 588 792 722 882; x_wconf 81' lang='grc' dir='ltr'><strong><em>ὁσίτος,</em></strong></span> <span class='ocrx_word' id='word_1_39' title='bbox 739 795 846 884; x_wconf 82' lang='grc' dir='ltr'><strong><em>ύλλην</em></strong></span> <span class='ocrx_word' id='word_1_40' title='bbox 862 795 990 877; x_wconf 78' lang='grc' dir='ltr'><strong><em>εύθέως</em></strong></span> <span class='ocrx_word' id='word_1_41' title='bbox 1000 803 1097 885; x_wconf 79' lang='grc' dir='ltr'><strong><em>ἔλαβε</em></strong></span> 
     </span>
     <span class='ocr_line' id='line_1_7' title="bbox 103 887 1096 1014; baseline 0.001 -50"><span class='ocrx_word' id='word_1_42' title='bbox 103 929 138 984; x_wconf 72' lang='grc' dir='ltr'><strong><em>ης</em></strong></span> <span class='ocrx_word' id='word_1_43' title='bbox 147 920 292 990; x_wconf 82' lang='grc' dir='ltr'><strong><em>γνωμηυ</em></strong></span> <span class='ocrx_word' id='word_1_44' title='bbox 316 895 371 1014; x_wconf 72' lang='grc' dir='ltr'><strong><em>καὶ</em></strong></span> <span class='ocrx_word' id='word_1_45' title='bbox 381 893 507 982; x_wconf 83' lang='grc' dir='ltr'><strong><em>ύμα(εί</em></strong></span> <span class='ocrx_word' id='word_1_46' title='bbox 506 893 640 980; x_wconf 86' lang='grc' dir='ltr'><strong><em>ρησεται</em></strong></span> <span class='ocrx_word' id='word_1_47' title='bbox 649 920 730 981; x_wconf 89' lang='grc' dir='ltr'><strong><em>γαρ,</em></strong></span> <span class='ocrx_word' id='word_1_48' title='bbox 749 887 923 980; x_wconf 84' lang='grc' dir='ltr'><strong><em>ωανδρες</em></strong></span> <span class='ocrx_word' id='word_1_49' title='bbox 916 905 1096 982; x_wconf 69' lang='grc' dir='ltr'><strong><em>Αθηναῖοι,</em></strong></span> 
     </span>
     <span class='ocr_line' id='line_1_8' title="bbox 147 989 1096 1081; baseline -0.001 -20"><span class='ocrx_word' id='word_1_50' title='bbox 147 1002 236 1061; x_wconf 80' lang='grc' dir='ltr'><strong><em>πᾶσα</em></strong></span> <span class='ocrx_word' id='word_1_51' title='bbox 247 991 331 1081; x_wconf 84' lang='grc' dir='ltr'><strong><em>πρὸς</em></strong></span> <span class='ocrx_word' id='word_1_52' title='bbox 342 989 458 1079; x_wconf 80' lang='grc' dir='ltr'><strong><em>ὑμᾶςη</em></strong></span> <span class='ocrx_word' id='word_1_53' title='bbox 445 989 628 1078; x_wconf 67' lang='grc' dir='ltr'><strong><em>’ύλήθεια)</em></strong></span> <span class='ocrx_word' id='word_1_54' title='bbox 646 995 701 1059; x_wconf 82' lang='grc' dir='ltr'><strong><em>καί</em></strong></span> <span class='ocrx_word' id='word_1_55' title='bbox 716 989 810 1077; x_wconf 78' lang='grc' dir='ltr'><strong><em>ήμείς</em></strong></span> <span class='ocrx_word' id='word_1_56' title='bbox 827 996 861 1060; x_wconf 81' lang='grc' dir='ltr'><strong><em>οί</em></strong></span> <span class='ocrx_word' id='word_1_57' title='bbox 871 993 1096 1073; x_wconf 74' lang='grc' dir='ltr'><strong><em>δεδανεικότες</em></strong></span> 
     </span>
     <span class='ocr_line' id='line_1_9' title="bbox 147 1092 1097 1182; baseline -0.001 -21"><span class='ocrx_word' id='word_1_58' title='bbox 147 1093 419 1180; x_wconf 79' lang='grc' dir='ltr'><strong><em>προσεκρούομεν</em></strong></span> <span class='ocrx_word' id='word_1_59' title='bbox 429 1117 520 1182; x_wconf 85' lang='grc' dir='ltr'><strong><em>αυτω</em></strong></span> <span class='ocrx_word' id='word_1_60' title='bbox 505 1092 587 1159; x_wconf 81' lang='grc' dir='ltr'><strong><em>καὶ</em></strong></span> <span class='ocrx_word' id='word_1_61' title='bbox 604 1115 729 1178; x_wconf 83' lang='grc' dir='ltr'><strong><em>πικροις</em></strong></span> <span class='ocrx_word' id='word_1_62' title='bbox 749 1100 897 1182; x_wconf 80' lang='grc' dir='ltr'><strong><em>είχομευ,</em></strong></span> <span class='ocrx_word' id='word_1_63' title='bbox 914 1098 973 1177; x_wconf 80' lang='grc' dir='ltr'><strong><em>τῆς</em></strong></span> <span class='ocrx_word' id='word_1_64' title='bbox 986 1116 1022 1161; x_wconf 85' lang='grc' dir='ltr'><strong><em>τε</em></strong></span> <span class='ocrx_word' id='word_1_65' title='bbox 1040 1097 1097 1178; x_wconf 75' lang='grc' dir='ltr'><strong><em>ζη-</em></strong></span> 
     </span>
     <span class='ocr_line' id='line_1_10' title="bbox 146 1188 1097 1283; baseline 0 -25"><span class='ocrx_word' id='word_1_66' title='bbox 146 1198 222 1278; x_wconf 87' lang='grc' dir='ltr'><strong><em>μίας</em></strong></span> <span class='ocrx_word' id='word_1_67' title='bbox 238 1188 318 1277; x_wconf 69' lang='grc' dir='ltr'><strong><em>ἐφ’“</em></strong></span> <span class='ocrx_word' id='word_1_68' title='bbox 299 1217 386 1277; x_wconf 89' lang='grc' dir='ltr'><strong><em>ημας</em></strong></span> <span class='ocrx_word' id='word_1_69' title='bbox 399 1188 522 1283; x_wconf 50' lang='grc' dir='ltr'><strong><em>,ίούσης</em></strong></span> <span class='ocrx_word' id='word_1_70' title='bbox 542 1196 599 1275; x_wconf 88' lang='grc' dir='ltr'><strong><em>τής</em></strong></span> <span class='ocrx_word' id='word_1_71' title='bbox 616 1189 743 1275; x_wconf 80' lang='grc' dir='ltr'><strong><em>περὶ</em></strong></span> <span class='ocrx_word' id='word_1_72' title='bbox 708 1215 771 1257; x_wconf 87' lang='grc' dir='ltr'><strong><em>τον</em></strong></span> <span class='ocrx_word' id='word_1_73' title='bbox 786 1203 895 1275; x_wconf 84' lang='grc' dir='ltr'><strong><em>σίτου,</em></strong></span> <span class='ocrx_word' id='word_1_74' title='bbox 918 1190 974 1257; x_wconf 78' lang='grc' dir='ltr'><strong><em>καὶ</em></strong></span> <span class='ocrx_word' id='word_1_75' title='bbox 992 1208 1097 1258; x_wconf 92' lang='grc' dir='ltr'><strong><em>συκο-</em></strong></span> 
     </span>
     <span class='ocr_line' id='line_1_11' title="bbox 147 1283 1093 1377; baseline -0.004 -19"><span class='ocrx_word' id='word_1_76' title='bbox 147 1291 278 1377; x_wconf 87' lang='grc' dir='ltr'><strong><em>φύντην</em></strong></span> <span class='ocrx_word' id='word_1_77' title='bbox 295 1287 368 1358; x_wconf 79' lang='grc' dir='ltr'><strong><em>ἀντὶ</em></strong></span> <span class='ocrx_word' id='word_1_78' title='bbox 390 1288 566 1376; x_wconf 71' lang='grc' dir='ltr'><strong><em>χρημάτων</em></strong></span> <span class='ocrx_word' id='word_1_79' title='bbox 582 1288 770 1372; x_wconf 83' lang='grc' dir='ltr'><strong><em>αίτιύμενοι</em></strong></span> <span class='ocrx_word' id='word_1_80' title='bbox 793 1294 914 1354; x_wconf 83' lang='grc' dir='ltr'><strong><em>τούτου</em></strong></span> <span class='ocrx_word' id='word_1_81' title='bbox 937 1283 1016 1373; x_wconf 80' lang='grc' dir='ltr'><strong><em>ἡμῖν</em></strong></span> <span class='ocrx_word' id='word_1_82' title='bbox 1039 1308 1093 1354; x_wconf 87' lang='grc' dir='ltr'><strong><em>κε-</em></strong></span> 
     </span>
     <span class='ocr_line' id='line_1_12' title="bbox 145 1379 1095 1475; baseline -0.003 -18"><span class='ocrx_word' id='word_1_83' title='bbox 145 1391 324 1475; x_wconf 83' lang='grc' dir='ltr'><strong><em>κομικέναι.</em></strong></span> <span class='ocrx_word' id='word_1_84' title='bbox 347 1391 384 1456; x_wconf 82' lang='grc' dir='ltr'><strong><em>ἐκ</em></strong></span> <span class='ocrx_word' id='word_1_85' title='bbox 395 1387 535 1471; x_wconf 82' lang='grc' dir='ltr'><strong><em>τούτων,</em></strong></span> <span class='ocrx_word' id='word_1_86' title='bbox 548 1384 627 1454; x_wconf 76' lang='grc' dir='ltr'><strong><em>ούδέ</em></strong></span> <span class='ocrx_word' id='word_1_87' title='bbox 637 1386 737 1470; x_wconf 87' lang='grc' dir='ltr'><strong><em>φύσει</em></strong></span> <span class='ocrx_word' id='word_1_88' title='bbox 746 1383 885 1472; x_wconf 83' lang='grc' dir='ltr'><strong><em>χρηστὸς</em></strong></span> <span class='ocrx_word' id='word_1_89' title='bbox 896 1379 946 1453; x_wconf 58' lang='lat' dir='ltr'><strong><em>&amp;v</em></strong></span> <span class='ocrx_word' id='word_1_90' title='bbox 954 1383 1095 1471; x_wconf 76' lang='grc' dir='ltr'><strong><em>ἅνθρω-</em></strong></span> 
     </span>
     <span class='ocr_line' id='line_1_13' title="bbox 145 1481 1099 1574; baseline -0.002 -20"><span class='ocrx_word' id='word_1_91' title='bbox 145 1512 207 1565; x_wconf 86' lang='grc' dir='ltr'><strong><em>πος</em></strong></span> <span class='ocrx_word' id='word_1_92' title='bbox 223 1485 392 1574; x_wconf 87' lang='grc' dir='ltr'><strong><em>δηλονότι,</em></strong></span> <span class='ocrx_word' id='word_1_93' title='bbox 415 1488 467 1553; x_wconf 79' lang='grc' dir='ltr'><strong><em>ἐπὶ</em></strong></span> <span class='ocrx_word' id='word_1_94' title='bbox 486 1483 625 1563; x_wconf 80' lang='grc' dir='ltr'><strong><em>τούτους</em></strong></span> <span class='ocrx_word' id='word_1_95' title='bbox 646 1481 832 1569; x_wconf 78' lang='grc' dir='ltr'><strong><em>ἀποκλίνει,</em></strong></span> <span class='ocrx_word' id='word_1_96' title='bbox 853 1486 908 1550; x_wconf 83' lang='grc' dir='ltr'><strong><em>καί</em></strong></span> <span class='ocrx_word' id='word_1_97' title='bbox 930 1499 1099 1570; x_wconf 77' lang='grc' dir='ltr'><strong><em>συγχωρεῖ</em></strong></span> 
     </span>
     <span class='ocr_line' id='line_1_14' title="bbox 145 1574 1094 1672; baseline -0.001 -20"><span class='ocrx_word' id='word_1_98' title='bbox 145 1583 207 1672; x_wconf 91' lang='grc' dir='ltr'><strong><em>τήν</em></strong></span> <span class='ocrx_word' id='word_1_99' title='bbox 228 1589 325 1669; x_wconf 90' lang='grc' dir='ltr'><strong><em>δίκην</em></strong></span> <span class='ocrx_word' id='word_1_100' title='bbox 346 1589 470 1668; x_wconf 86' lang='grc' dir='ltr'><strong><em>ἐρημον</em></strong></span> <span class='ocrx_word' id='word_1_101' title='bbox 492 1579 619 1668; x_wconf 75' lang='grc' dir='ltr'><strong><em>ὀφλεῖν,</em></strong></span> <span class='ocrx_word' id='word_1_102' title='bbox 641 1579 685 1668; x_wconf 80' lang='grc' dir='ltr'><strong><em>ἢν</em></strong></span> <span class='ocrx_word' id='word_1_103' title='bbox 706 1574 804 1660; x_wconf 78' lang='grc' dir='ltr'><strong><em>οὗτος</em></strong></span> <span class='ocrx_word' id='word_1_104' title='bbox 826 1579 918 1670; x_wconf 76' lang='grc' dir='ltr'><strong><em>αύτῷ</em></strong></span> <span class='ocrx_word' id='word_1_105' title='bbox 937 1583 1094 1668; x_wconf 76' lang='grc' dir='ltr'><strong><em>λαγχάνει</em></strong></span> 
     </span>
     <span class='ocr_line' id='line_1_15' title="bbox 9 1676 1093 1767; baseline -0.003 -16"><span class='ocrx_word' id='word_1_106' title='bbox 9 1699 17 1706; x_wconf 84' lang='grc'><strong>“</strong></span> <span class='ocrx_word' id='word_1_107' title='bbox 102 1701 136 1758; x_wconf 79' lang='lat'><strong><em>27</em></strong></span> <span class='ocrx_word' id='word_1_108' title='bbox 146 1683 236 1765; x_wconf 82' lang='grc' dir='ltr'><strong><em>τότε,</em></strong></span> <span class='ocrx_word' id='word_1_109' title='bbox 261 1679 315 1750; x_wconf 82' lang='grc' dir='ltr'><strong><em>ὅτε</em></strong></span> <span class='ocrx_word' id='word_1_110' title='bbox 337 1679 430 1747; x_wconf 87' lang='grc' dir='ltr'><strong><em>ούπω</em></strong></span> <span class='ocrx_word' id='word_1_111' title='bbox 447 1676 537 1747; x_wconf 82' lang='grc' dir='ltr'><strong><em>ταῦτ’</em></strong></span> <span class='ocrx_word' id='word_1_112' title='bbox 554 1679 732 1764; x_wconf 84' lang='grc' dir='ltr'><strong><em>ἐφρόνουν.</em></strong></span> <span class='ocrx_word' id='word_1_113' title='bbox 765 1684 797 1748; x_wconf 90' lang='grc' dir='ltr'><strong><em>εί</em></strong></span> <span class='ocrx_word' id='word_1_114' title='bbox 816 1680 877 1765; x_wconf 72' lang='grc' dir='ltr'><strong><em>μὲν</em></strong></span> <span class='ocrx_word' id='word_1_115' title='bbox 896 1679 960 1764; x_wconf 76' lang='grc' dir='ltr'><strong><em>γὰρ</em></strong></span> <span class='ocrx_word' id='word_1_116' title='bbox 982 1677 1093 1767; x_wconf 79' lang='grc' dir='ltr'><strong><em>ἀφῆκε</em></strong></span> 
     </span>
     <span class='ocr_line' id='line_1_16' title="bbox 135 1772 1092 1869; baseline 0 -23"><span class='ocrx_word' id='word_1_117' title='bbox 135 1775 372 1869; x_wconf 31' lang='grc' dir='ltr'><strong><em>,τόνΠρδτοῃ</em></strong></span> <span class='ocrx_word' id='word_1_118' title='bbox 395 1772 593 1862; x_wconf 77' lang='grc' dir='ltr'><strong><em>ἐξελήλεγκτ’</em></strong></span> <span class='ocrx_word' id='word_1_119' title='bbox 610 1772 655 1843; x_wconf 77' lang='grc' dir='ltr'><strong><em>δν</em></strong></span> <span class='ocrx_word' id='word_1_120' title='bbox 673 1775 799 1856; x_wconf 75' lang='grc' dir='ltr'><strong><em>εὐθέως</em></strong></span> <span class='ocrx_word' id='word_1_121' title='bbox 815 1777 900 1865; x_wconf 83' lang='grc' dir='ltr'><strong><em>ήμᾶς</em></strong></span> <span class='ocrx_word' id='word_1_122' title='bbox 916 1796 1092 1864; x_wconf 86' lang='grc' dir='ltr'><strong><em>συκοφαν-</em></strong></span> 
     </span>
     <span class='ocr_line' id='line_1_17' title="bbox 144 1870 1092 1963; baseline 0.004 -22"><span class='ocrx_word' id='word_1_123' title='bbox 144 1899 227 1942; x_wconf 87' lang='grc' dir='ltr'><strong><em>των·</em></strong></span> <span class='ocrx_word' id='word_1_124' title='bbox 251 1870 369 1959; x_wconf 80' lang='grc' dir='ltr'><strong><em>ὀφλεῖν</em></strong></span> <span class='ocrx_word' id='word_1_125' title='bbox 382 1874 418 1941; x_wconf 73' lang='grc' dir='ltr'><strong><em>δὲ</em></strong></span> <span class='ocrx_word' id='word_1_126' title='bbox 429 1873 546 1959; x_wconf 75' lang='grc' dir='ltr'><strong><em>παρών</em></strong></span> <span class='ocrx_word' id='word_1_127' title='bbox 561 1874 743 1955; x_wconf 75' lang='grc' dir='ltr'><strong><em>ἐκεῖνος’</em></strong></span> <span class='ocrx_word' id='word_1_128' title='bbox 702 1902 745 1943; x_wconf 91' lang='grc' dir='ltr'><strong><em>ου</em></strong></span> <span class='ocrx_word' id='word_1_129' title='bbox 761 1877 955 1963; x_wconf 77' lang='grc' dir='ltr'><strong><em>συνεχώρει,</em></strong></span> <span class='ocrx_word' id='word_1_130' title='bbox 979 1874 1019 1945; x_wconf 82' lang='grc' dir='ltr'><strong><em>ιν’</em></strong></span> <span class='ocrx_word' id='word_1_131' title='bbox 1033 1878 1092 1945; x_wconf 79' lang='grc' dir='ltr'><strong><em>ἐὰν</em></strong></span> 
     </span>
     <span class='ocr_line' id='line_1_18' title="bbox 143 1968 1093 2096; baseline 0.006 -57.226"><span class='ocrx_word' id='word_1_132' title='bbox 143 1979 204 2058; x_wconf 77' lang='grc' dir='ltr'><strong><em>μὲν</em></strong></span> <span class='ocrx_word' id='word_1_133' title='bbox 143 1968 312 2093; x_wconf 71' lang='grc' dir='ltr'><strong><em>μαύτή</em></strong></span> <span class='ocrx_word' id='word_1_134' title='bbox 328 1978 469 2039; x_wconf 74' lang='grc' dir='ltr'><strong><em>ποιῶσιν</em></strong></span> <span class='ocrx_word' id='word_1_135' title='bbox 487 1969 509 2039; x_wconf 71' lang='grc' dir='ltr'><strong><em>δι’</em></strong></span> <span class='ocrx_word' id='word_1_136' title='bbox 537 1970 802 2059; x_wconf 73' lang='grc' dir='ltr'><strong><em>ὡμολογήκασιν·</em></strong></span> <span class='ocrx_word' id='word_1_137' title='bbox 836 1981 866 2043; x_wconf 84' lang='grc' dir='ltr'><strong><em>εί</em></strong></span> <span class='ocrx_word' id='word_1_138' title='bbox 886 1975 922 2043; x_wconf 77' lang='grc' dir='ltr'><strong><em>δέ</em></strong></span> <span class='ocrx_word' id='word_1_139' title='bbox 943 1973 1019 2096; x_wconf 84' lang='grc' dir='ltr'><strong><em>μή,</em></strong></span> <span class='ocrx_word' id='word_1_140' title='bbox 1030 1974 1093 2063; x_wconf 88' lang='grc' dir='ltr'><strong><em>τήν</em></strong></span> 
     </span>
     <span class='ocr_line' id='line_1_19' title="bbox 145 2068 1092 2188; baseline 0.001 -48"><span class='ocrx_word' id='word_1_141' title='bbox 145 2078 269 2157; x_wconf 80' lang='grc' dir='ltr'><strong><em>ἔρημον</em></strong></span> <span class='ocrx_word' id='word_1_142' title='bbox 285 2068 451 2157; x_wconf 83' lang='grc' dir='ltr'><strong><em>ύντιλύχη.</em></strong></span> <span class='ocrx_word' id='word_1_143' title='bbox 487 2068 571 2188; x_wconf 79' lang='grc' dir='ltr'><strong><em>ήλλα</em></strong></span> <span class='ocrx_word' id='word_1_144' title='bbox 589 2079 624 2139; x_wconf 89' lang='grc' dir='ltr'><strong><em>τί</em></strong></span> <span class='ocrx_word' id='word_1_145' title='bbox 637 2080 755 2151; x_wconf 69' lang='grc' dir='ltr'><strong><em>ταύτας</em></strong></span> <span class='ocrx_word' id='word_1_146' title='bbox 781 2078 813 2140; x_wconf 88' lang='grc' dir='ltr'><strong><em>εί</em></strong></span> <span class='ocrx_word' id='word_1_147' title='bbox 831 2072 892 2157; x_wconf 73' lang='grc' dir='ltr'><strong><em>μὲν</em></strong></span> <span class='ocrx_word' id='word_1_148' title='bbox 914 2097 978 2157; x_wconf 93' lang='grc' dir='ltr'><strong><em>γαρ</em></strong></span> <span class='ocrx_word' id='word_1_149' title='bbox 996 2070 1019 2139; x_wconf 73' lang='grc' dir='ltr'><strong><em>δι’</em></strong></span> <span class='ocrx_word' id='word_1_150' title='bbox 1036 2078 1092 2158; x_wconf 83' lang='grc' dir='ltr'><strong><em>γε’-</em></strong></span> 
     </span>
     <span class='ocr_line' id='line_1_20' title="bbox 143 2161 1090 2257; baseline 0.003 -21"><span class='ocrx_word' id='word_1_151' title='bbox 143 2194 274 2257; x_wconf 88' lang='grc' dir='ltr'><strong><em>γραφεν</em></strong></span> <span class='ocrx_word' id='word_1_152' title='bbox 289 2161 388 2245; x_wconf 86' lang='grc' dir='ltr'><strong><em>ούτος</em></strong></span> <span class='ocrx_word' id='word_1_153' title='bbox 405 2173 451 2245; x_wconf 85' lang='grc' dir='ltr'><strong><em>είς</em></strong></span> <span class='ocrx_word' id='word_1_154' title='bbox 466 2164 503 2234; x_wconf 88' lang='grc' dir='ltr'>τὸ</span> <span class='ocrx_word' id='word_1_155' title='bbox 524 2172 669 2255; x_wconf 76' lang='grc' dir='ltr'><strong><em>ἔγκλημα</em></strong></span> <span class='ocrx_word' id='word_1_156' title='bbox 686 2171 805 2255; x_wconf 87' lang='grc' dir='ltr'><strong><em>ἐποίει,</em></strong></span> <span class='ocrx_word' id='word_1_157' title='bbox 833 2168 908 2236; x_wconf 90' lang='grc' dir='ltr'><strong><em>ούκ</em></strong></span> <span class='ocrx_word' id='word_1_158' title='bbox 913 2168 1069 2254; x_wconf 79' lang='grc' dir='ltr'><strong><em>ὀφλεῑν”</em></strong></span> <span class='ocrx_word' id='word_1_159' title='bbox 1048 2198 1090 2239; x_wconf 93' lang='grc' dir='ltr'><strong><em>αν</em></strong></span> 
     </span>
     <span class='ocr_line' id='line_1_21' title="bbox 144 2262 1089 2354; baseline 0.003 -19"><span class='ocrx_word' id='word_1_160' title='bbox 144 2273 241 2354; x_wconf 91' lang='grc' dir='ltr'><strong><em>δίκην</em></strong></span> <span class='ocrx_word' id='word_1_161' title='bbox 260 2270 407 2352; x_wconf 84' lang='grc' dir='ltr'><strong><em>δικαίως,</em></strong></span> <span class='ocrx_word' id='word_1_162' title='bbox 424 2263 492 2333; x_wconf 81' lang='grc' dir='ltr'><strong><em>ἄλλ’</em></strong></span> <span class='ocrx_word' id='word_1_163' title='bbox 508 2262 728 2334; x_wconf 68' lang='grc' dir='ltr'><strong><em>ἀποθανεῖν’</em></strong></span> <span class='ocrx_word' id='word_1_164' title='bbox 712 2294 730 2334; x_wconf 97' lang='grc' dir='ltr'><strong><em>ο</em></strong></span> <span class='ocrx_word' id='word_1_165' title='bbox 748 2275 885 2352; x_wconf 86' lang='grc' dir='ltr'><strong><em>Πρωτος</em></strong></span> <span class='ocrx_word' id='word_1_166' title='bbox 901 2273 1013 2354; x_wconf 77' lang='grc' dir='ltr'><strong><em>ἔμοιγε</em></strong></span> <span class='ocrx_word' id='word_1_167' title='bbox 1032 2275 1089 2338; x_wconf 91' lang='grc' dir='ltr'><strong><em>δο-</em></strong></span> 
     </span>
     <span class='ocr_line' id='line_1_22' title="bbox 143 2366 1094 2486; baseline 0.005 -54"><span class='ocrx_word' id='word_1_168' title='bbox 143 2377 202 2433; x_wconf 75' lang='grc' dir='ltr'><strong><em>κεῖ.</em></strong></span> <span class='ocrx_word' id='word_1_169' title='bbox 246 2368 277 2431; x_wconf 84' lang='grc' dir='ltr'><strong><em>εί</em></strong></span> <span class='ocrx_word' id='word_1_170' title='bbox 295 2388 359 2448; x_wconf 92' lang='grc' dir='ltr'><strong><em>γαρ</em></strong></span> <span class='ocrx_word' id='word_1_171' title='bbox 381 2366 417 2431; x_wconf 91' lang='grc' dir='ltr'><strong><em>ἐν</em></strong></span> <span class='ocrx_word' id='word_1_172' title='bbox 440 2377 553 2443; x_wconf 83' lang='grc' dir='ltr'><strong><em>κακοίς</em></strong></span> <span class='ocrx_word' id='word_1_173' title='bbox 582 2367 637 2432; x_wconf 83' lang='grc' dir='ltr'><strong><em>καί</em></strong></span> <span class='ocrx_word' id='word_1_174' title='bbox 656 2371 825 2486; x_wconf 46' lang='grc' dir='ltr'><strong><em>χειμῶνι’,</em></strong></span> <span class='ocrx_word' id='word_1_175' title='bbox 811 2374 974 2435; x_wconf 84' lang='grc' dir='ltr'><strong><em>τοσούτου</em></strong></span> <span class='ocrx_word' id='word_1_176' title='bbox 996 2367 1094 2437; x_wconf 86' lang='grc' dir='ltr'><strong><em>οίνον</em></strong></span> 
     </span>
     <span class='ocr_line' id='line_1_23' title="bbox 143 2460 1089 2551; baseline 0.003 -21"><span class='ocrx_word' id='word_1_177' title='bbox 143 2469 254 2530; x_wconf 78' lang='grc' dir='ltr'><strong><em>ἔπινεν</em></strong></span> <span class='ocrx_word' id='word_1_178' title='bbox 268 2460 383 2530; x_wconf 74' lang='grc' dir='ltr'><strong><em>ύσθ’“</em></strong></span> <span class='ocrx_word' id='word_1_179' title='bbox 363 2486 484 2550; x_wconf 95' lang='grc' dir='ltr'><strong><em>ομοιον</em></strong></span> <span class='ocrx_word' id='word_1_180' title='bbox 492 2461 577 2530; x_wconf 79' lang='grc' dir='ltr'><strong><em>εἶναι</em></strong></span> <span class='ocrx_word' id='word_1_181' title='bbox 589 2470 706 2551; x_wconf 79' lang='grc' dir='ltr'><strong><em>μανία,</em></strong></span> <span class='ocrx_word' id='word_1_182' title='bbox 723 2470 758 2530; x_wconf 89' lang='grc' dir='ltr'><strong><em>τί</em></strong></span> <span class='ocrx_word' id='word_1_183' title='bbox 771 2461 833 2530; x_wconf 92' lang='grc' dir='ltr'><strong><em>ούκ</em></strong></span> <span class='ocrx_word' id='word_1_184' title='bbox 844 2462 933 2543; x_wconf 81' lang='grc' dir='ltr'><strong><em>αξιός</em></strong></span> <span class='ocrx_word' id='word_1_185' title='bbox 945 2467 1013 2533; x_wconf 85' lang='grc' dir='ltr'><strong><em>ἐστι</em></strong></span> <span class='ocrx_word' id='word_1_186' title='bbox 1023 2490 1089 2533; x_wconf 88' lang='grc' dir='ltr'><strong><em>πα-</em></strong></span> 
     </span>
     <span class='ocr_line' id='line_1_24' title="bbox 96 2555 1087 2683; baseline 0.004 -55"><span class='ocrx_word' id='word_1_187' title='bbox 96 2579 133 2633; x_wconf 79' lang='lat'><strong><em>28</em></strong></span> <span class='ocrx_word' id='word_1_188' title='bbox 143 2570 233 2637; x_wconf 78' lang='grc' dir='ltr'><strong><em>θεῖν</em></strong></span> <span class='ocrx_word' id='word_1_189' title='bbox 264 2586 286 2645; x_wconf 91' lang='grc' dir='ltr'><strong><em>η</em></strong></span> <span class='ocrx_word' id='word_1_190' title='bbox 309 2565 345 2627; x_wconf 80' lang='grc' dir='ltr'><strong><em>εί</em></strong></span> <span class='ocrx_word' id='word_1_191' title='bbox 358 2559 516 2683; x_wconf 83' lang='grc' dir='ltr'><strong><em>γρύμματ</em></strong></span> <span class='ocrx_word' id='word_1_192' title='bbox 510 2555 735 2680; x_wconf 83' lang='grc' dir='ltr'><strong><em>’ἔκλεπτενή</em></strong></span> <span class='ocrx_word' id='word_1_193' title='bbox 762 2557 975 2680; x_wconf 77' lang='grc' dir='ltr'><strong><em>ὑπανέῳγεν;</em></strong></span> <span class='ocrx_word' id='word_1_194' title='bbox 1004 2563 1087 2632; x_wconf 78' lang='grc' dir='ltr'><strong><em>ἄλλα</em></strong></span> 
     </span>
     <span class='ocr_line' id='line_1_25' title="bbox 139 2654 1087 2747; baseline 0.002 -22"><span class='ocrx_word' id='word_1_195' title='bbox 139 2681 244 2725; x_wconf 88' lang='grc' dir='ltr'><strong><em>ταυτα</em></strong></span> <span class='ocrx_word' id='word_1_196' title='bbox 260 2655 322 2740; x_wconf 69' lang='grc' dir='ltr'><strong><em>μὲν</em></strong></span> <span class='ocrx_word' id='word_1_197' title='bbox 342 2654 436 2724; x_wconf 82' lang='grc' dir='ltr'><strong><em>αύτοὶ</em></strong></span> <span class='ocrx_word' id='word_1_198' title='bbox 455 2654 537 2740; x_wconf 79' lang='grc' dir='ltr'><strong><em>πρὸς</em></strong></span> <span class='ocrx_word' id='word_1_199' title='bbox 553 2655 691 2737; x_wconf 79' lang='grc' dir='ltr'><strong><em>ἑαυτούς</em></strong></span> <span class='ocrx_word' id='word_1_200' title='bbox 712 2655 804 2745; x_wconf 75' lang='grc' dir='ltr'><strong><em>ὑμεῖς</em></strong></span> <span class='ocrx_word' id='word_1_201' title='bbox 825 2657 914 2738; x_wconf 84' lang='grc' dir='ltr'><strong><em>ὅπως</em></strong></span> <span class='ocrx_word' id='word_1_202' title='bbox 934 2683 998 2730; x_wconf 86' lang='grc' dir='ltr'><strong><em>ποτ</em></strong></span> <span class='ocrx_word' id='word_1_203' title='bbox 1003 2659 1087 2747; x_wconf 80' lang='grc' dir='ltr'><strong><em>’ἔχει</em></strong></span> 
     </span>
     <span class='ocr_line' id='line_1_26' title="bbox 18 2752 1142 2844; baseline 0.005 -23"><span class='ocrx_word' id='word_1_204' title='bbox 18 2752 22 2757; x_wconf 66' lang='grc'><em>’</em></span> <span class='ocrx_word' id='word_1_205' title='bbox 140 2759 377 2838; x_wconf 75' lang='grc' dir='ltr'><strong><em>διακρινεῖσθε·</em></strong></span> <span class='ocrx_word' id='word_1_206' title='bbox 399 2754 490 2843; x_wconf 81' lang='grc' dir='ltr'><strong><em>τῇδ’</em></strong></span> <span class='ocrx_word' id='word_1_207' title='bbox 502 2759 565 2844; x_wconf 84' lang='grc' dir='ltr'><strong><em>ἐμή</em></strong></span> <span class='ocrx_word' id='word_1_208' title='bbox 583 2761 658 2844; x_wconf 87' lang='grc' dir='ltr'><strong><em>δίκη</em></strong></span> <span class='ocrx_word' id='word_1_209' title='bbox 674 2756 776 2841; x_wconf 72' lang='grc' dir='ltr'><strong><em>μηδὲν</em></strong></span> <span class='ocrx_word' id='word_1_210' title='bbox 793 2760 918 2843; x_wconf 82' lang='grc' dir='ltr'><strong><em>ἐκείνης</em></strong></span> <span class='ocrx_word' id='word_1_211' title='bbox 929 2758 1085 2844; x_wconf 86' lang='grc' dir='ltr'><strong><em>πρόσαγε.</em></strong></span> <span class='ocrx_word' id='word_1_212' title='bbox 1095 2784 1142 2840; x_wconf 79' lang='lat'><strong><em>890</em></strong></span> 
     </span>
     <span class='ocr_line' id='line_1_27' title="bbox 64 2847 1085 2944; baseline 0.011 -30"><span class='ocrx_word' id='word_1_213' title='bbox 64 2908 66 2914; x_wconf 82' lang='grc'>,</span> <span class='ocrx_word' id='word_1_214' title='bbox 140 2861 173 2919; x_wconf 84' lang='grc' dir='ltr'><strong><em>εί</em></strong></span> <span class='ocrx_word' id='word_1_215' title='bbox 185 2859 218 2919; x_wconf 89' lang='grc' dir='ltr'><strong><em>τί</em></strong></span> <span class='ocrx_word' id='word_1_216' title='bbox 234 2870 270 2918; x_wconf 86' lang='grc' dir='ltr'><strong><em>σε</em></strong></span> <span class='ocrx_word' id='word_1_217' title='bbox 285 2847 443 2938; x_wconf 80' lang='grc' dir='ltr'><strong><em>ἠδίκηκεν</em></strong></span> <span class='ocrx_word' id='word_1_218' title='bbox 462 2849 667 2938; x_wconf 69' lang='grc' dir='ltr'><strong><em>ὁ,Προῖτος”</em></strong></span> <span class='ocrx_word' id='word_1_219' title='bbox 645 2880 665 2937; x_wconf 94' lang='grc' dir='ltr'><strong><em>η</em></strong></span> <span class='ocrx_word' id='word_1_220' title='bbox 685 2850 831 2941; x_wconf 82' lang='grc' dir='ltr'><strong><em>λέγωνή</em></strong></span> <span class='ocrx_word' id='word_1_221' title='bbox 847 2879 970 2942; x_wconf 85' lang='grc' dir='ltr'><strong><em>ποιων,</em></strong></span> <span class='ocrx_word' id='word_1_222' title='bbox 992 2862 1085 2944; x_wconf 77' lang='grc' dir='ltr'><strong><em>ἔχεις,</em></strong></span> 
     </span>
     <span class='ocr_line' id='line_1_28' title="bbox 140 2949 1086 3048; baseline 0.003 -28"><span class='ocrx_word' id='word_1_223' title='bbox 140 2949 184 3030; x_wconf 76' lang='grc' dir='ltr'><strong><em>ὡς</em></strong></span> <span class='ocrx_word' id='word_1_224' title='bbox 202 2957 303 3037; x_wconf 78' lang='grc' dir='ltr'><strong><em>ἔοικε,</em></strong></span> <span class='ocrx_word' id='word_1_225' title='bbox 327 2956 437 3039; x_wconf 89' lang='grc' dir='ltr'><strong><em>δίκην·</em></strong></span> <span class='ocrx_word' id='word_1_226' title='bbox 474 2952 582 3028; x_wconf 83' lang='grc' dir='ltr'><strong><em>οὐδεὶς</em></strong></span> <span class='ocrx_word' id='word_1_227' title='bbox 598 2949 697 3037; x_wconf 75' lang='grc' dir='ltr'><strong><em>ήμῶν</em></strong></span> <span class='ocrx_word' id='word_1_228' title='bbox 713 2953 897 3040; x_wconf 76' lang='grc' dir='ltr'><strong><em>ἐκώλυσεν,</em></strong></span> <span class='ocrx_word' id='word_1_229' title='bbox 921 2952 1000 3048; x_wconf 75' lang='grc' dir='ltr'><strong><em>οὐδὲ</em></strong></span> <span class='ocrx_word' id='word_1_230' title='bbox 1020 2964 1086 3024; x_wconf 81' lang='grc' dir='ltr'><strong><em>νῦν</em></strong></span> 
     </span>
     <span class='ocr_line' id='line_1_29' title="bbox 139 3049 1083 3140; baseline 0.005 -23"><span class='ocrx_word' id='word_1_231' title='bbox 139 3063 348 3134; x_wconf 71' lang='grc' dir='ltr'><strong><em>παραιτεῖται.</em></strong></span> <span class='ocrx_word' id='word_1_232' title='bbox 373 3055 403 3117; x_wconf 87' lang='grc' dir='ltr'><strong><em>εί</em></strong></span> <span class='ocrx_word' id='word_1_233' title='bbox 411 3049 718 3136; x_wconf 76' lang='grc' dir='ltr'><strong><em>σεσυκοφάντηκας,</em></strong></span> <span class='ocrx_word' id='word_1_234' title='bbox 733 3049 774 3118; x_wconf 87' lang='grc' dir='ltr'><strong><em>ού</em></strong></span> <span class='ocrx_word' id='word_1_235' title='bbox 791 3053 1083 3140; x_wconf 76' lang='grc' dir='ltr'><strong><em>περιεργαζόμεθα.</em></strong></span> 
     </span>
     <span class='ocr_line' id='line_1_30' title="bbox 95 3144 1083 3240; baseline 0.008 -27"><span class='ocrx_word' id='word_1_236' title='bbox 95 3145 179 3232; x_wconf 64' lang='grc' dir='ltr'><strong><em>γονή</em></strong></span> <span class='ocrx_word' id='word_1_237' title='bbox 192 3153 274 3230; x_wconf 90' lang='grc' dir='ltr'><strong><em>Δία,</em></strong></span> <span class='ocrx_word' id='word_1_238' title='bbox 293 3144 362 3215; x_wconf 78' lang='grc' dir='ltr'><strong><em>ἀλλ’</em></strong></span> <span class='ocrx_word' id='word_1_239' title='bbox 373 3146 525 3216; x_wconf 80' lang='grc' dir='ltr'><strong><em>ε’κποδύν</em></strong></span> <span class='ocrx_word' id='word_1_240' title='bbox 541 3149 630 3214; x_wconf 84' lang='grc' dir='ltr'><strong><em>ἐστιν</em></strong></span> <span class='ocrx_word' id='word_1_241' title='bbox 647 3146 836 3234; x_wconf 64' lang='grc' dir='ltr'><strong><em>ἅνθρωπος.</em></strong></span> <span class='ocrx_word' id='word_1_242' title='bbox 864 3153 920 3220; x_wconf 84' lang='grc' dir='ltr'><strong><em>διαί</em></strong></span> <span class='ocrx_word' id='word_1_243' title='bbox 937 3179 976 3240; x_wconf 87' lang='grc' dir='ltr'><strong><em>γε</em></strong></span> <span class='ocrx_word' id='word_1_244' title='bbox 987 3150 1083 3239; x_wconf 81' lang='grc' dir='ltr'><strong><em>ὑμᾶς,</em></strong></span> 
     </span>
     <span class='ocr_line' id='line_1_31' title="bbox 137 3241 1104 3338; baseline 0.006 -25"><span class='ocrx_word' id='word_1_245' title='bbox 137 3247 193 3313; x_wconf 76' lang='grc' dir='ltr'><strong><em>ἵνα</em></strong></span> <span class='ocrx_word' id='word_1_246' title='bbox 213 3244 271 3320; x_wconf 77' lang='grc' dir='ltr'><strong><em>τοὶς</em></strong></span> <span class='ocrx_word' id='word_1_247' title='bbox 291 3270 333 3311; x_wconf 87' lang='grc' dir='ltr'><strong><em>τε</em></strong></span> <span class='ocrx_word' id='word_1_248' title='bbox 346 3251 491 3329; x_wconf 87' lang='grc' dir='ltr'><strong><em>μαρτυρί</em></strong></span> <span class='ocrx_word' id='word_1_249' title='bbox 489 3270 528 3322; x_wconf 94' lang='grc' dir='ltr'><strong><em>ας</em></strong></span> <span class='ocrx_word' id='word_1_250' title='bbox 548 3241 605 3322; x_wconf 79' lang='grc' dir='ltr'><strong><em>τὰς</em></strong></span> <span class='ocrx_word' id='word_1_251' title='bbox 632 3243 789 3332; x_wconf 78' lang='grc' dir='ltr'><strong><em>ἡμετέρας</em></strong></span> <span class='ocrx_word' id='word_1_252' title='bbox 814 3256 910 3335; x_wconf 84' lang='grc' dir='ltr'><strong><em>λίπη,</em></strong></span> <span class='ocrx_word' id='word_1_253' title='bbox 936 3251 1010 3318; x_wconf 82' lang='grc' dir='ltr'><strong><em>καί</em></strong></span> <span class='ocrx_word' id='word_1_254' title='bbox 1017 3259 1104 3338; x_wconf 32' lang='grc' dir='ltr'><strong><em>νῦν,</em></strong></span> 
     </span>
     <span class='ocr_line' id='line_1_32' title="bbox 78 3340 1084 3434; baseline 0.008 -27"><span class='ocrx_word' id='word_1_255' title='bbox 78 3369 81 3374; x_wconf 95' lang='grc'><em>·</em></span> <span class='ocrx_word' id='word_1_256' title='bbox 137 3340 305 3427; x_wconf 81' lang='grc' dir='ltr'><strong><em>ύμείςὸτι</em></strong></span> <span class='ocrx_word' id='word_1_257' title='bbox 321 3366 364 3408; x_wconf 94' lang='grc' dir='ltr'><strong><em>αν</em></strong></span> <span class='ocrx_word' id='word_1_258' title='bbox 379 3342 552 3427; x_wconf 75' lang='grc' dir='ltr'><strong><em>βούλησθε</em></strong></span> <span class='ocrx_word' id='word_1_259' title='bbox 568 3344 682 3430; x_wconf 87' lang='grc' dir='ltr'><strong><em>λεγητε</em></strong></span> <span class='ocrx_word' id='word_1_260' title='bbox 692 3371 753 3413; x_wconf 90' lang='grc' dir='ltr'><strong><em>κατ</em></strong></span> <span class='ocrx_word' id='word_1_261' title='bbox 772 3343 892 3413; x_wconf 82' lang='grc' dir='ltr'><strong><em>αὐτοῦ.</em></strong></span> <span class='ocrx_word' id='word_1_262' title='bbox 925 3346 1002 3414; x_wconf 85' lang='grc' dir='ltr'><strong><em>εί</em></strong></span> <span class='ocrx_word' id='word_1_263' title='bbox 963 3374 1028 3431; x_wconf 95' lang='grc' dir='ltr'><strong><em>γαρ</em></strong></span> <span class='ocrx_word' id='word_1_264' title='bbox 1039 3374 1084 3434; x_wconf 89' lang='grc' dir='ltr'><strong><em>μη</em></strong></span> 
     </span>
     <span class='ocr_line' id='line_1_33' title="bbox 37 3436 1086 3531; baseline 0.007 -24"><span class='ocrx_word' id='word_1_265' title='bbox 37 3476 40 3487; x_wconf 68' lang='grc'><strong><em>«</em></strong></span> <span class='ocrx_word' id='word_1_266' title='bbox 138 3436 208 3508; x_wconf 68' lang='grc' dir='ltr'><strong><em>δι”</em></strong></span> <span class='ocrx_word' id='word_1_267' title='bbox 189 3438 604 3527; x_wconf 78' lang='grc' dir='ltr'><strong><em>υμύνέρημοςέγίγνετοή</em></strong></span> <span class='ocrx_word' id='word_1_268' title='bbox 623 3439 829 3530; x_wconf 86' lang='grc' dir='ltr'><strong><em>δικη,αμα</em></strong></span> <span class='ocrx_word' id='word_1_269' title='bbox 805 3469 850 3515; x_wconf 92' lang='grc' dir='ltr'><strong><em>αν</em></strong></span> <span class='ocrx_word' id='word_1_270' title='bbox 859 3470 965 3514; x_wconf 90' lang='grc' dir='ltr'><strong><em>αοτον</em></strong></span> <span class='ocrx_word' id='word_1_271' title='bbox 976 3467 1086 3531; x_wconf 82' lang='grc' dir='ltr'><strong><em>προσ-</em></strong></span> 
     </span>
    </p>
   </div>
   <div class='ocr_carea' id='block_1_3' title="bbox 0 0 1164 3894">
    <p class='ocr_par' dir='ltr' id='par_1_3' title="bbox 0 0 1164 3894">
     <span class='ocr_line' id='line_1_34' title="bbox 0 0 1164 3894; baseline 0 5"><span class='ocrx_word' id='word_1_272' title='bbox 0 0 1164 3894; x_wconf 95' lang='lat' dir='ltr'><strong><em> </em></strong></span> 
     </span>
    </p>
   </div>
  </div>
 </body>
</html>
