2318 3894
208 259 349 320 KATn
369 256 854 321 ΑΡΙΣΤΟΓΕΙΤΟΝΟΣ
871 261 910 320 Α.
970 256 1031 321 287

88 421 152 507 κδυ
162 418 204 489 οὐ
214 421 382 503 ταρίχους
399 412 438 484 τά
450 402 620 483 τελευταία
631 415 668 484 δὲ
678 418 773 485 ταυτί
781 417 907 496 πάντας
918 422 965 496 είς
974 443 1033 484 τα-

88 516 258 607 ραχήνκαί
274 516 392 585 στάσιν
407 514 584 601 ἐμβάλλειν
600 506 754 600 ζητήσας’,
775 512 936 603 γράμματ’
949 519 1035 583 ἑκτι-

87 621 160 698 θείς
179 623 304 703 φευδή,
327 614 413 693 ὅλως
434 611 465 681 δ’
477 614 532 681 ἐπλ
547 620 595 702 τῷ
610 611 747 680 πάντων
762 621 856 703 κακῷ
866 609 1036 699 πεφυκὼς,

87 719 143 785 καί
159 710 325 801 πρόδηλος
338 709 387 781 σάν
404 710 455 780 ὅτι
471 710 622 790 τοιοῦτός
636 713 705 779 ἐστι
721 720 770 801 τῷ
778 719 850 802 βίῳ.
884 724 1035 780 σκοπεῖτε

46 844 79 895 51
89 815 163 901 γάρ.
193 815 277 881 είσίν
287 807 374 897 ὁμοῦ
384 808 553 894 δισμύριοι
569 808 689 888 πάντες
704 806 884 896 Ἀθηναῖοι.
906 808 1035 878 τούτων

90 915 227 988 ἕκαστος
237 910 276 977 ἕν
285 909 325 993 γε’
334 933 366 975 τι
375 906 528 992 πράττων
538 904 688 993 κατάτήυ
698 904 1035 995 άγοράνπεριέρχεται

89 1003 214 1095 ήτοιυὴ
228 1003 288 1073 τόυ
299 1002 462 1092 Ἡρακλέα
477 1011 547 1070 τῶν
562 1011 688 1072 κοινῶν
703 1000 727 1091 ή
742 1014 810 1073 τῶν
820 1011 923 1076 ίδίων.
965 1003 1033 1074 ἀλλ’

91 1103 152 1190 οὐχ
162 1097 261 1182 οὗτος
272 1101 383 1186 οὐδὲν,
395 1097 469 1168 οὐδ’»
482 1095 526 1168 άν
537 1105 604 1187 ἔχοι
610 1104 711 1181 δεῖξαι
720 1101 804 1187 πρὸς
814 1102 880 1191 ὅτφ
891 1103 950 1172 τδν
960 1112 1036 1190 βίον
1060 1112 1063 1119 “

92 1205 237 1269 ἐστλτῶν
247 1192 423 1285 μετρίωνή
434 1204 557 1265 καλῶν.
595 1195 747 1282 οὐχίτοῖυ
763 1207 943 1268 πολιτικῶν
951 1198 1036 1285 άγα-

91 1306 167 1367 δάν
178 1296 225 1365 ἐπ’
239 1293 406 1380 οὐδευίτή
414 1301 504 1380 ψυχή
517 1298 689 1381 διατρίβει·
712 1293 753 1363 οὗ
770 1299 899 1382 τέχνης,
922 1295 963 1378 σή
979 1324 1036 1383 γε-
1045 1310 1097 1367 786

92 1403 222 1481 ωργίας,
236 1392 300 1463 οὐκ
312 1392 413 1478 άλλης
429 1397 583 1477 ἐργασίας
602 1391 756 1479 οάδεμιάς
765 1396 974 1480 ἐπιμελεῖται·
995 1394 1037 1463 οὐ

91 1499 356 1582 φιλανθρωπίας,
369 1489 430 1576 οὐχ
441 1488 568 1576 ὁμιλίας
581 1488 737 1578 οὐδεμιᾶς
747 1491 858 1562 οὐδενί
869 1509 1035 1562 κοινωνεῖ·

47 1592 175 1670 mom&
186 1590 363 1678 πορεύεται
374 1588 427 1657 διά
443 1597 503 1677 τής
519 1588 658 1676 άγοράς,
682 1589 794 1676 ὥσπερ
814 1597 880 1676 ἔχις
897 1588 918 1678 ’ή
934 1611 1036 1678 σκορ-

90 1699 171 1778 πίος,
182 1688 292 1780 ήρκαὶς
301 1686 339 1758 τὸ
348 1691 501 1776 κέντρον,
512 1686 622 1776 ήὶττωυ
632 1693 732 1778 δεῦρο
741 1688 1037 1778 κάκεῖσε,σαοπαῑν

89 1798 154 1858 τίυι
163 1779 375 1874 συμφοράυή
384 1783 630 1875 βλασφημίαυή
635 1789 740 1859 κακόν
749 1817 781 1858 τι
791 1792 1036 1879 προστριψάμε-

91 1891 214 1969 υοςκαλ
232 1887 436 1973 καταστήσας
453 1893 500 1967 είς
515 1888 626 1974 φόβον
640 1885 804 1974 άργάριου
820 1891 1035 1978 εἰσπράξεται.

95 1984 174 2054 οὐδὲ
185 1992 372 2073 προσφοιτᾷ
388 1985 472 2070 πρός
486 2011 518 2052 τι
537 1985 666 2053 τούτων
677 1995 744 2054 τῶν
754 1991 791 2054 ἐν
801 1995 841 2075 τῇ
853 1990 946 2057 πόλει
955 2015 1037 2057 κου-

92 2081 223 2170 ρείωνή
234 2089 459 2169 μυροπωλίων
476 2081 500 2170 ή
515 2090 584 2151 τῶν
593 2080 705 2151 άλλωυ
721 2084 943 2169 ἐργαστηρίων
958 2083 1038 2153 οὐδὲ

92 2182 175 2268 πρὸς
187 2185 239 2249 ἕν·
263 2181 332 2249 ἀλλ’
346 2181 536 2263 άσπειστος,
547 2179 742 2263 άυίδρυτος,
754 2180 905 2266 άμικτος,
926 2179 968 2249 οὐ
978 2178 1038 2266 χάέ

92 2308 157 2365 ριν,
177 2277 220 2346 οὐ
237 2285 368 2362 φιλίαν,
391 2275 454 2344 οὐκ
465 2275 533 2345 ἄλλ’
546 2275 646 2345 οὐδὲν
657 2270 708 2344 οἷν
719 2277 900 2361 ἄνθρωπος
910 2282 1038 2364 μέτριος

92 2378 299 2464 γιγνώσκων.
332 2367 468 2460 μεθ’»οἷν
488 2373 520 2441 δ’
533 2378 568 2442 οί
585 2375 754 2462 ζωγράφοι
770 2374 848 2452 τούς
864 2373 1038 2464 άσεβείςὲν

93 2475 419 2562 Αἴδουγράφουσιν,
440 2470 520 2559 μετά
531 2474 675 2559 τούτων,
698 2469 763 2558 μετ’
777 2469 859 2559 άράς
871 2473 926 2540 καλ
936 2481 1040 2561 βλασ-

92 2581 217 2661 φημίας
238 2579 293 2642 καί
314 2573 450 2659 φθόνου
461 2574 516 2640 καί
528 2572 674 2651 στάσεως
680 2573 736 2639 καί
747 2578 880 2650 νείκους
885 2620 895 2656 ,
908 2574 1024 2658 περιίρ
1037 2617 1039 2621 ⁴
1053 2628 1055 2632 .

46 2702 189 2761 εςχεται.
221 2670 282 2743 εἶθ’
296 2671 338 2742 δυ
354 2669 434 2739 οὐδὲ
446 2677 518 2738 ’τῶν
535 2674 688 2749 ἐνᾸίδου
697 2677 790 2738 θεῶν
801 2667 890 2749 εἰκός
901 2671 968 2737 ἐστι
980 2695 1029 2736 τυ

94 2788 162 2856 χεϊυ
171 2778 288 2856 ἵλεων,
306 2768 375 2840 ἀλλ’
389 2775 436 2849 είς
446 2766 526 2848 τούς
535 2767 664 2855 άσεβεῑς
676 2766 829 2855 άσθήναι
840 2766 893 2836 διά
905 2767 966 2853 τήν
976 2792 1032 2836 πο

96 2876 212 2952 νηρίαν
223 2878 284 2936 τοῦ
296 2876 381 2956 βίον,
392 2877 513 2936 τοῦτον
523 2865 615 2953 ὑμεῖς
631 2865 812 2936 άδικοῦυτα
828 2868 985 2955 λαβόντες
997 2865 1039 2935 οὐ

96 2966 202 3049 μόνον
213 2964 253 3032 οὐ
264 2968 501 3053 τιμωρήσεσθε,
512 2964 595 3035 άλλά
606 2968 662 3035 καί
671 2967 832 3052 μειζόνων
841 2962 1051 3044 άξιάσαυτες,
1110 2978 1132 3053 J

96 3069 230 3148 δωρεῶν
247 3061 390 3150 άφήσετε
406 3058 429 3149 ή
444 3065 522 3142 ,τοὺς
538 3062 725 3150 εὐεργέταςς
751 3071 816 3132 τίνι
831 3059 896 3147 γάρ
907 3058 1039 3128 πάποτε

95 3160 189 3247 ὑμεῖς
199 3167 301 3247 ἔδοτε,
323 3160 381 3229 ἐάν
394 3159 481 3248 ὅφλη
491 3168 576 3248 τιτῷ
588 3165 751 3251 δημοσίῳ,
773 3167 871 3228 τοῦτο
881 3155 925 3245 μή
939 3185 1039 3227 κατα-

79 3323 82 3329 .
95 3265 189 3330 θέντι
200 3270 268 3329 τῶν
280 3258 530 3349 ίσωνμετέχὲινς
543 3257 664 3329 οὐδενί.
686 3258 730 3347 μή
741 3267 857 3328 τοίνυν
868 3252 949 3346 μηδὲ
960 3258 1039 3326 τοά-

94 3387 139 3449 τῳ
151 3360 228 3428 δότε
240 3367 315 3443 νῦν,
339 3355 423 3426 άλλά
435 3359 670 3445 τιμωρήσασθε
680 3360 737 3450 καλ
746 3356 952 3444 παράδειγμα
963 3379 1039 3421 ποι-

92 3456 398 3544 ήσατετοίςάλλοις.
