2318 3894
153 219 196 282 εν
372 218 884 303 τε.·ΔΗιιιοεοωΝονΣ

99 387 105 398 ’
154 389 242 458 εῖτις
251 378 379 466 φαῦλός
391 383 458 449 ἐστι
468 387 536 447 τῶν
547 375 739 464 εὑρημένων
748 380 811 464 τήν
827 379 972 466 δωρεὰν,
995 381 1149 466 έχέτω,488

94 551 101 566 .
154 475 227 546 ἀλλ’
248 482 315 566 ίδίᾳ
331 475 413 545 κατά
429 477 527 544 τόνδε
537 477 687 563 κριθήτω
695 475 756 545 τόν
767 477 881 562 νόμον.
914 483 945 553 είΙ
955 478 994 546 δέ
1003 487 1103 546 ταῦτα

154 575 275 660 λόγους
290 578 345 643 καὶ
361 581 526 660 φλυαρίας
544 573 627 642 εἶναι
639 576 753 661 φήσει,
774 575 880 643 ἐκεῖνό
890 575 923 661 γ’
936 574 980 644 οά
991 578 1101 664 λόγος·

155 671 255 753 αὐτὸς
273 676 378 758 θέτω,
402 675 456 739 καί
480 670 524 758 μὴ
546 676 665 758 λεγέτω
686 681 801 759 τοῦτο,
824 672 868 753 ὥς
890 671 932 741 οὐ
953 675 1103 762 θήσομεν

152 769 254 860 ἡμεῖς.
286 771 422 839 κάλλιον
440 775 476 838 δὲ
494 771 603 856 δήπου
620 768 752 856 τόνὺφ’
764 769 861 856 ὑμῶν
873 775 1035 859 κριθέντα
1046 799 1103 840 κα-

153 879 220 950 λοῖς
242 876 328 966 ἔχειν
347 865 454 960 νόμον
476 875 640 955 εἰσφέρειν
660 865 682 955 ή
699 867 740 937 ὃν
762 876 828 937 νῦν
843 868 916 956 ἀφ’4
929 867 1037 938 αὑτοῦ
1057 879 1103 939 τί-

154 979 266 1057 θησιν.
906 978 909 984 “

96 1083 147 1136 Ιοῖ
170 1106 173 1110 ‡
237 1064 325 1154 Ἐμοὶ
337 1063 380 1150 δ’,
394 1014 553 1152 ιάἀάιδρες
561 1065 746 1152 Ἀθηναῖοι,
759 1068 851 1133 δοκεῖ
860 1071 1026 1154 Λεπτίνης
1037 1073 1107 1150 (καί

155 1192 212 1253 μοι
228 1168 331 1254 μηδὲν
348 1163 526 1255 ὀργισθῇς·
549 1163 650 1234 οὐδὲν
665 1163 729 1250 γάρ
748 1172 903 1251 φλαῦρον
922 1167 990 1251 ἐρεῖ
1012 1170 1066 1254 σε)
1084 1162 1105 1251 ἢ

156 1263 218 1333 οὐκ
229 1263 458 1352 ’ἀνεγνωκέναι
471 1262 550 1344 τούς
559 1263 717 1343 Σόλωνος
726 1263 852 1350 νόμους
861 1257 884 1349 ἢ
893 1260 935 1330 οῦ
947 1268 1103 1332 συνιέναι

155 1371 187 1433 εί
201 1362 265 1452 γάρ
284 1362 302 1432 ὁ
320 1364 380 1451 μέν
396 1364 518 1432 Σόλων
539 1367 640 1448 ἔθηκε
661 1362 768 1447 νόμον
790 1363 907 1440 ἐξεῖναι
928 1364 1048 1429 δοῦναι
1067 1363 1105 1430 τὰ

156 1464 278 1530 ἑαυτοῦ
289 1455 319 1553 ᾦ
327 1463 372 1530 ἀν
381 1490 430 1542 τις
439 1462 616 1549 βούληται,
639 1458 699 1527 έάν
709 1457 752 1545 μή
768 1463 881 1537 παῖδες
892 1450 954 1526 ὦσι
964 1459 1103 1546 γνήσιοι,

157 1558 217 1646 οάχ
237 1558 281 1627 ἵν’
305 1558 514 1647 ἀποστερήσῃ
535 1556 614 1647 τούς
635 1556 802 1642 έγγυτάτω
824 1560 992 1646 γένειζτῆς
1014 1555 1104 1644 ἀγχι-

46 1729 49 1735 ,
158 1663 281 1741 στείας,
302 1654 377 1724 ἀλλ’
394 1654 440 1724 ἵν’
461 1664 509 1735 εἰς’
522 1654 559 1723 τό
576 1660 679 1742 μέσον
693 1659 849 1735 καταθείς
863 1654 1105 1743 τηνάφέλειαν

97 1768 148 1822 103
157 1757 340 1847 ἐφάμιλλον
355 1753 475 1842 ποιήση
493 1753 529 1822 τό
549 1769 656 1823 ποιεῖν
671 1751 835 1842 ἀλλήλους
846 1749 901 1839 εὖ,
925 1755 969 1822 σύ
980 1755 1016 1824 δέ
1029 1753 1106 1824 τοῦ·

157 1859 294 1920 ναντίον
310 1852 518 1940 εἰσενήνοχας
535 1851 578 1940 μή
598 1857 716 1934 ἐξεῖναι
732 1863 780 1944 τῷ
797 1846 890 1944 δήμω
906 1863 974 1922 των
985 1857 1106 1922 Ιἑαυτοῦ

158 1955 276 2034 δοῦναι
292 1952 408 2036 μηδενί
423 1955 540 2037 μηδὲν,
563 1960 632 2032 πῶς
644 1956 683 2021 σέ
692 1980 741 2033 τις
752 1953 850 2040 φήσει
860 1952 938 2032 τοὺς
948 1954 1104 2031 Σόλωνος

157 2047 380 2133 ἀνεγνωκέναι
389 2051 515 2136 νόμους
525 2046 548 2137 ’ή
560 2050 781 2131 συνιέναι;·ὂς
792 2059 916 2139 ἔρημον
926 2067 1030 2131 ποιεῖς
1046 2049 1105 2119 τόν

157 2153 265 2235 δῆμον
279 2156 348 2217 τῶν
364 2147 687 2237 φιλοτιμησομένων,
709 2152 882 2236 προλέγων
898 2153 953 2218 καὶ
974 2147 1105 2229 δεικνάς

156 2245 208 2315 ότι
223 2261 292 2326 τοῖς
309 2246 443 2333 ἀγαθόν
460 2276 491 2316 τι
507 2257 662 2317 ποιοῦσιν
679 2246 752 2317 οὐδ’
767 2246 882 2318 ὁτιοῦν
892 2253 983 2316 ἔσται
993 2252 1101 2316 πλέον.

96 2360 149 2415 104
158 2350 213 2416 καὶ
229 2345 298 2436 μήν
315 2347 467 2428 κάκεῖνος
482 2357 550 2417 τοῖν
566 2356 674 2427 καλαῖς
691 2350 885 2416 δοκούντων
895 2353 980 2433 ἔχειν
991 2347 1104 2432 νόμων

156 2446 316 2525 Σόλωνός
332 2450 416 2529 ἐστι,
438 2446 482 2533 μή
499 2449 609 2530 λέγειν
624 2453 734 2523 κακῶς
746 2443 807 2513 τόν
818 2454 1002 2532 τεθνεῶτα,
1026 2442 1102 2531 μηδ’

157 2540 201 2610 ἀν
217 2539 281 2611 ὑπό
301 2550 370 2610 τῶν
388 2547 518 2610 ἐκείνου
533 2568 582 2620 τις
598 2541 704 2631 ἀκοόη
720 2548 848 2612 παίδων
869 2541 986 2623 αὐτός·
1005 2543 1053 2611 ’σύ
1070 2541 1105 2611 δέ

157 2655 269 2725 ποιεῖς,
281 2635 321 2708 οῦ
333 2643 436 2725 λέγεις
446 2648 555 2719 κακοῖς
565 2638 644 2721 τοὺς
653 2643 922 2730 τετελευτηκότας
932 2650 1000 2710 ταῖν
1011 2641 1106 2727 εάερ-
1121 2718 1123 2722 ,

156 2744 276 2823 γενῶν,
298 2747 346 2828 τῷ
363 2743 446 2807 δεῖνι
455 2739 667 2826 μεμφόμενος
676 2745 732 2810 καὶ
742 2740 804 2810 τόν
814 2738 896 2810 δεῖν’
910 2739 1049 2822 ἀνάξιον
1060 2740 1106 2809 εί-

157 2862 213 2902 ναι
223 2835 378 2923 φάσκων,
402 2827 451 2903 τόν
462 2835 571 2918 οὐδεὶς
582 2835 681 2910 οὐδὲν
693 2845 829 2920 ἐκείνοις
840 2848 1018 2927 προσῆκεν.
1051 2834 1105 2925 ἀρ’

158 2931 198 3000 οὐ
211 2931 297 3001 πολὺ
309 2942 370 3001 τοῦ
380 2932 537 3015 Σόλωνος
547 2935 739 3018 ἀποστατεῖς
748 2947 790 3026 τῇ
799 2938 931 3028 γνώμης

96 3045 146 3098 1οό
238 3032 337 3100 Πάνυ
358 3042 474 3101 τοίνυν
485 3041 616 3125 σπουδῇ
625 3063 672 3116 τις
689 3036 867 3123 ἀπήγγειλέ
880 3061 937 3125 μοι
954 3043 1105 3121 περὶτοῦ

156 3133 271 3219 μηδενί
283 3134 353 3198 δεῖν
362 3132 465 3216 μηδὲν
476 3133 621 3220 διδόναι,
632 3132 710 3221 μηδ’
722 3130 765 3202 ἀν
775 3132 890 3204 ὁτιοῦν
900 3137 1024 3223 πράξη,
1035 3160 1107 3203 τοι-

157 3228 260 3297 οῦτόν
270 3255 301 3296 τι
311 3233 419 3315 λέγειν
430 3231 553 3313 αὐτοῦς
563 3233 849 3319 παρεσκευάσθαι,
868 3231 978 3320 ὡς’ἀρ’
990 3239 1026 3300 οῖ
1035 3238 1106 3300 Aa·

156 3328 360 3415 κεδαιμόνιοι
376 3337 483 3409 καλῶς
500 3332 747 3418 πολιτευόμενοι
763 3336 818 3401 καί
836 3338 975 3427 Θηβαῖοι
991 3330 1106 3400 οὐδενὶ
1115 3347 1149 3402 48·

156 3434 224 3495 ταῖν
243 3423 323 3515 παρ’
346 3429 473 3509 ἑαυτοῖς
491 3431 620 3498 διδόασι
638 3431 795 3517 τοιαύτην
814 3429 974 3516 οὐδεμίαν
989 3429 1104 3517 τιμήν·
