2318 3894
125 190 166 254 16
338 192 399 250 XX.
434 188 849 252 ΔΗΜΟΣΘΕΝΟΤΣ

63 426 69 437 ,
122 340 253 431 νίζοντα
263 346 322 418 τὸν
333 353 440 438 δῆμον
449 346 639 436 χρημάτων,
661 347 955 418 τάλαντονέίακεν
971 346 1085 428 αύτός

80 449 407 536 Άίπαγγειλάμευος.
445 447 614 525 σκέψασθε
631 445 671 531 66
691 443 775 531 πρὸς
790 449 872 526 Διὸς
891 451 947 516 καὶ
967 455 1126 534 mmm

123 545 244 633 ανδρες
253 545 439 632 Ἀθηναῖοι,
461 551 530 620 πώς
545 569 589 611 αν
599 541 779 630 ανθρώπος
790 553 916 629 μᾶλλον
927 545 1073 631 φανερός

121 643 309 733 γίνοιτο”
269 670 388 722 ευυους
405 638 524 726 ώυύμῑ
523 667 560 724 υ,
582 634 843 746 ι’γπώςῆττουάξ
844 669 894 726 ιος
900 641 1071 763 ἀδικηθῆ-

121 769 193 826 ναι,
215 739 238 829 ἦ
249 751 381 827 πρώτου
381 741 452 828 μὲν
462 744 493 807 εί
501 737 659 827 παρών
628 765 673 806 τω
685 748 742 824 τῆς
753 725 908 818 πόλεως’
890 741 1081 826 ἀτυχήματι

121 848 248 927 μάλλου
265 843 370 908 ἕλοιτο
388 837 466 916 τούς
482 835 687 922 ἀτυχοῦντας
704 834 805 905 καὶ
769 863 831 923 την
841 836 929 923 παρὰ
940 836 1068 905 τούτων

120 939 233 1025 χάριυ,
245 938 316 1025 ἥτις
326 962 388 1005 ποτ
390 933 547 1021 ’ἔμελλεν
558 930 748 1017 ἔσεσθαι,
726 934 837 1020 ητούς
848 937 884 1001 ἐν
896 937 1011 1023 ἐκείνῳ
1022 942 1068 1024 τῷ

120 1034 229 1123 χρόνῳ
241 1030 481 1121 κεκρατηκότας
490 1034 546 1100 καλ
556 1028 629 1118 παρ’
642 1029 691 1110 οἷς
701 1025 761 1118 ἦν,
774 1032 932 1116 δεύτερον
943 1031 987 1116 δ’,
1000 1033 1070 1100 ε’τί-

121 1159 185 1220 ραν
201 1139 313 1222 χρείαν
329 1129 426 1214 ἰδών,
451 1136 481 1197 εί
495 1136 646 1215 φαίνοιτο
657 1131 769 1208 διδούς
780 1128 889 1216 καὶμὴ
901 1129 1068 1217 ὅπωςίὸιζι

121 1229 162 1300 τά
179 1228 260 1299 ὅντα
276 1229 374 1297 σώσει
392 1229 654 1314 προνοούμενος,
681 1224 755 1294 ἀλλ’
773 1253 862 1306 οπως
871 1255 940 1295 των
950 1226 1069 1314 υμετί

79 1347 194 1414 mont
208 1327 310 1416 μηδὲν
329 1330 447 1405 ἐνδεῶς
463 1323 570 1406 εξει
536 1352 573 1393 το
587 1323 665 1393 καθ’
680 1323 791 1423 αύτόν.
823 1332 945 1392 τούτου
955 1329 1068 1410 μέντοι

120 1425 181 1497 τύν
194 1453 241 1512 τῳ
227 1423 348 1511 μὲν”
331 1449 415 1513 εργςο
426 1421 514 1508 παρά
526 1421 604 1500 τούς
615 1429 788 1508 μεγίστους
799 1422 936 1508 καιρούς
946 1421 1068 1491 οὑτωσὶ

119 1521 215 1593 κοινοὶ
226 1519 265 1590 τά
276 1521 357 1589 ὄντα
368 1548 413 1607 τρι
402 1522 519 1611 δήμῳ
530 1521 746 1641 κεκτημένον,
768 1545 814 1609 τῳ
803 1520 866 1587 δὲ
884 1521 1068 1608 ρήματικαὶ

119 1629 161 1710 τῇ
169 1629 246 1707 τιμῇ
256 1617 316 1704 τὴν
327 1617 474 1688 ἀτέλειαν
485 1625 600 1711 ἔχοντα
605 1614 729 1704 ούχλ
693 1646 754 1706 την
766 1619 943 1689 ἀτέλειαν’
924 1618 1068 1708 ἀφαιρή-

120 1727 221 1786 σεσθε
234 1713 374 1802 (0666
335 1738 399 1801 γαρ
411 1716 495 1804 ούση
508 1717 674 1840 χρώμενος
684 1724 859 1803 φαίνεται),
870 1717 953 1787 ἀλλά
962 1719 1000 1787 τὸ
1013 1745 1067 1788 πι·

119 1813 247 1885 στεύειν
264 1812 360 1900 ὑμῖν,
383 1841 425 1881 ου
435 1823 468 1883 τι
476 1841 584 1900 γενοιτ
611 1843 655 1884 αν
665 1826 806 1901 αίσχιον
825 1844 863 1886 το
853 1812 1103 1905 τοίνυνψη

119 1932 225 2002 φισμα
245 1910 323 1999 ύμῖν
345 1909 427 1981 αύτό
444 1911 671 1997 ἀναγνώσεται
686 1912 722 1982 τὸ
742 1914 816 1982 τότε
832 1916 1003 2002 ψηφισθὲν
1019 1924 1066 2006 τῷ

101 2010 224 2095 ’ἀνδρί
254 2012 307 2079 καλ
318 2019 490 2096 θεωρεῖτε,
514 2037 539 2078 ω
529 2004 687 2096 ανδρες
681 2011 902 2098 Αθηναιοι,
888 2011 1067 2098 ύσαψηφί-

119 2106 215 2196 σματ’
229 2107 338 2191 ἀκνρα
348 2122 435 2175 ποιεί
444 2104 462 2175 6
473 2109 591 2212 νόμος,
604 2108 690 2176 καὶ”
669 2127 769 2186 οσονς
780 2107 983 2192 ἀνθρώπους
992 2110 1066 2178 ἀδι-

119 2220 185 2291 κεῖ,
207 2207 262 2274 καλ
278 2207 315 2272 ἐν
322 2203 452 2284 ὀποίοις
462 2221 588 2293 καιροῖς
598 2214 777 2293 χρησιμους
787 2205 867 2293 υμῖν
876 2210 1065 2295 παρασχον-

119 2330 176 2382 τας
186 2305 339 2383 ἑαυτούς·
359 2303 514 2390 εὑρήσετε
524 2303 588 2389 γάρ
598 2306 748 2390 τούτους,
760 2302 820 2384 ούς
830 2303 947 2391 ἥκιστα
958 2325 1065 2390 προσ-

118 2407 215 2488 ῆκεν,
228 2399 415 2470 ἀδικοῦντα.
445 2405 526 2486 λέγε.
613 2427 616 2432 ·

480 2588 709 2667 ΨΗΦΙΣΜΑ.

28 2777 34 2799 ,
74 2736 110 2792 45
206 2708 272 2787 Τάς
288 2710 348 2795 μὲν
359 2707 556 2797 εὐεργεσίας,
567 2708 648 2779 ἀνθ’
658 2705 706 2780 ών
718 2711 831 2798 εύρετο
842 2711 904 2798 τὴν
915 2708 1065 2780 ἀτέλειαν

119 2804 347 2892 ὁἘπικέρᾱης,
366 2804 522 2892 ἀκηκόατ’
536 2810 572 2877 ἐκ
582 2817 651 2876 τών
660 2807 896 2894 ψηφισμάτων,
909 2800 935 2876 ώ
946 2808 1065 2895 ἀνδρες

118 2910 275 2973 δικασταί.
310 2919 461 2973 σκοπεῖτε
477 2904 573 2993 δὲμὴ
589 2914 705 2990 τούτο,
727 2911 758 2972 εί
773 2912 858 2991 μνᾶς
876 2904 994 2974 ἑκατὸν
1009 2909 1065 2974 καὶ

117 3001 217 3071 πάλιν
227 3002 390 3070 τάλαντον
400 3008 523 3072 ἔδωκεν
532 3003 625 3093 (οὐδὲ
635 3002 699 3090 γάρ
709 3001 787 3081 τούς
798 3002 961 3088 λαβόντας
971 3000 1063 3087 ἔγωγ’

116 3098 260 3185 ἠγοῦμαι
275 3099 312 3167 τό
329 3107 458 3188 πλῆθος
473 3111 540 3170 τών
556 3102 740 3189 χρημάτων.
753 3099 957 3186 θαυμάσαι),
979 3097 1064 3166 ἀλλά

116 3194 181 3282 τὴν
196 3192 389 3282 προθυμίαν
404 3200 460 3267 καὶ
473 3198 511 3266 τό
533 3197 637 3267 αύτάν
657 3199 936 3283 ἐπαγγειλάμενον
957 3209 1066 3265 ποιεῖν
1072 3197 1119 3255 471

72 3297 173 3365 maz
196 3293 275 3374 τούς
291 3295 428 3380 καιρούς
443 3301 481 3364 ἐν
499 3291 555 3375 οἷς.
591 3296 710 3375 πάντες
726 3297 787 3382 μὲν
803 3297 869 3381 γάρ
884 3300 969 3364 εἰσιν
985 3305 1066 3372 ἴσως

116 3391 985 3485 ἄξιοιχάριυάνταπολαμβάνεινοίπροϋτάρχουτεςτῷ
993 3415 1067 3462 πον
