2318 3894
157 227 179 289 6
349 231 410 288 ΧΧ.
450 226 870 289 ΔΗΜΟΣΘΕΝΟΤΣ

157 398 285 476 μᾶλλον
297 392 402 456 ἐκεινο
413 392 616 455 λυσιτελονν
639 382 692 452 δια
702 385 785 466 τί
765 411 815 452 οτι
826 387 862 453 ἐκ
873 384 959 470 μὲν
943 411 1003 452 τον
992 390 1109 454 πλεί·

158 484 271 575 οναςῆ
283 486 442 572 προσήκει
452 490 551 568 τιμάν
563 475 760 561 πολλοὺς
720 509 758 549 εν
775 498 883 550 ποιεῖν
892 481 1105 567 προκαλεῖσθ’

158 585 256 675 ὑμᾶς,
242 590 303 653 ἐκ
315 585 351 652 δὲ
360 607 421 650 τον
408 582 547 666 μηδενὶ
558 579 671 665 μηδὲν,
684 577 797 665 μηδ”
775 608 818 648 αν
829 572 964 668 ἀξιοςῇ,
978 579 1108 648 διδόναι

134 685 285 760 6πάντας
299 678 465 799 ἀπείρξετε
480 684 541 745 τοῦ
560 685 813 763 φιλοτιμεῖσθαι.
851 677 935 763 πρὸς
951 679 987 746 δὲ
1000 679 1107 767 τούτῳ

132 794 140 800 ’
159 782 214 848 καὶ
227 778 264 846 δι’
278 775 433 859 ἐκεῖνο,
413 802 465 844 οτι
475 781 510 844 οί
518 774 579 861 μὲν
590 773 728 856 ἀνάξιόν
740 802 814 843 τινα
824 777 1019 863 τιμήσαντες
1029 773 1107 862 εάη-

158 885 254 956 θείας
263 873 338 944 τινά
351 873 452 954 δόξαν
461 879 566 960 ἔχοιεν
578 870 632 960 ἀν,
652 879 686 942 oc
700 877 736 942 δὲ
753 873 830 953 τούς
847 873 980 962 ἀγαθόν
991 902 1023 942 τι
1033 899 1107 942 ποι-

158 982 283 1053 οῦντας
298 971 437 1050 ἑαυτοὺς
458 969 502 1058 μὴ
523 985 591 1050 τοῖς
609 969 735 1057 ὁμοίοις
755 971 965 1060 ἀμειβόμενοι
982 979 1105 1050 κακίας.
1116 981 1151 1036 λδ

125 1079 127 1083 ’
159 1070 228 1158 δσμ
241 1070 281 1156 δὴ
293 1084 443 1155 κρεῖττον
449 1068 558 1156 εὐήθη
570 1074 681 1137 δοκεῖν
691 1065 713 1154 ἦ
724 1071 874 1156 πονηρόν
885 1069 1108 1157 εἷναι,τοσοό-

159 1194 204 1258 τςσ
217 1174 315 1235 λύσαι
326 1167 386 1234 τόν
397 1165 502 1251 νόμον
512 1168 648 1234 κάλλιον
659 1163 682 1253 ἢ
693 1170 826 1235 θέσθαι.

78 1260 85 1273 ’
135 1278 149 1334 7
245 1263 297 1334 Οὐ
307 1279 422 1333 τοίνυν
432 1269 541 1352 ἔμοιγε
552 1263 626 1333 οὐδ’
640 1268 746 1333 ἐκεῖνο
764 1265 906 1352 εὔλογον
913 1317 922 1350 ,
945 1261 1108 1352 όάνδρες

93 1368 96 1372 “
158 1363 337 1450 Ἀθηναῖοι,
350 1365 566 1452 σκοπουμένῳ
579 1369 740 1449 φαίνεται,
748 1365 1047 1450 καταμεμφόμενόν
1057 1393 1108 1433 τι-

159 1490 219 1541 νας
245 1463 298 1529 ἐπὶ
321 1475 390 1538 ταῖς
416 1457 641 1548 ὑπαρχούσαις
663 1466 800 1546 δωρεαῖς
829 1460 907 1539 τούς
928 1469 1108 1548 χρησίμους

159 1560 257 1637 ὄντας
276 1566 344 1625 τῶν
370 1565 473 1643 τίμιόν
499 1556 701 1644 ἀποστερεῖν.
749 1564 781 1627 εί
799 1557 1107 1646 χάρὺπαρχονσόν

158 1659 287 1726 τούτων
298 1663 422 1741 φαῦλοι
432 1658 487 1724 καὶ
497 1653 629 1736 ἀνάξιοί
637 1683 724 1736 τινες
740 1657 822 1725 κατά
840 1655 899 1725 τόν
913 1656 1035 1724 τούτου
1046 1657 1106 1725 λό-

158 1782 220 1842 γον
236 1758 313 1839 εἰσί,
333 1761 368 1823 τί
385 1759 446 1841 χρὴ
464 1760 654 1839 προσδοκᾶν
665 1761 800 1823 ἔσεσθαι
816 1754 906 1838 τότε,
927 1753 1009 1824 ὅταν
1019 1778 1106 1822 παν-

158 1860 259 1974 τελεῖς
280 1851 361 1938 μηδὲ
382 1853 484 1920 πλέον
505 1855 607 1941 με’λλη
628 1852 732 1939 μηδὲν
757 1851 842 1920 είναι
862 1865 930 1930 τοῖς
956 1866 1107 1938 χρηστοῖς

159 1971 271 2028 θυσίλίξ

133 2075 152 2129 g
235 2049 302 2116 Ἔτι
311 2055 427 2116 τοίνυν
438 2046 523 2134 δμάς
533 2048 667 2117 κάκεῖνο
678 2053 900 2134 ἐνθυμεῖσθαι
920 2053 986 2132 δεῖ,
1008 2047 1058 2114 ὅτι
1070 2050 1106 2115 ἐκ

158 2153 226 2214 τῶν
240 2153 307 2214 νῦν
323 2141 539 2231 ὑπαρχόντων
558 2147 672 2232 νόμων
687 2148 741 2215 καί
762 2147 863 2213 πάλαι
883 2152 1025 2230 κυρίων,
1048 2141 1108 2223 οὓς

104 2291 111 2306 .
158 2241 232 2312 οὐδ’
253 2241 354 2323 αότδς
371 2237 468 2323 οὗτος
489 2243 635 2313 ἀντείποι
656 2240 700 2313 ἀν
722 2243 765 2331 μη
786 2243 858 2329 οὐχὶ
879 2251 987 2321 καλῶς
1010 2249 1106 2360 ἔχειν,

151 2341 311 2411 ἐνιαυτόν
324 2343 516 2409 διαλιπών“
498 2338 635 2420 εκαστος
645 2352 844 2426 λειτουργεῖ,
862 2342 946 2408 ὥστε
956 2340 1018 2406 τδν
1027 2340 1107 2425 ἥμι-

154 2441 223 2508 σόν
234 2437 301 2506 ἐστ’
313 2436 430 2523 ἀτελὴς
446 2448 508 2506 τοῦ
510 2441 658 2559 ’χρόνον
693 2432 790 2506 εἶδ’
766 2465 807 2524 ης
825 2444 906 2504 πᾶσι
924 2437 1103 2558 μέτεστι
1067 2464 1105 2506 το

155 2536 257 2622 ἥμισυ
267 2539 321 2603 καὶ
331 2548 399 2614 τοῖς
413 2532 520 2622 μηδΗ
505 2545 619 2604 οτιοῦν
635 2535 768 2659 ἀχαθόν
779 2534 995 2620 πεποιηκόσιν
1008 2533 1106 2619 ὑμᾶς,

109 2636 275 2722 ταύτης
285 2635 363 2714 τοὺς
375 2629 415 2702 εὖ
425 2635 641 2722 ποιήσαντας,Ι
660 2663 680 2703 α
666 2633 973 2719 “προστεθείκαμεν
983 2631 1106 2719 αὐτοῖς,

62 2770 67 2774 ·
153 2741 235 2800 ταῦτ
236 2731 478 2820 ’ἀφελοίμεθας
504 2739 675 2854 μηδαμοδς·
701 2735 778 2802 οὔτε
793 2732 857 2819 χάρ
876 2733 983 2809 ἀλλοις
1001 2731 1107 2799 καλὸν

127 2829 257 2901 905³*
240 2844 320 2918 υμῖν
336 2835 472 2920 πρέπον.
506 2840 576 2911 πῶς
592 2832 656 2918 γὰρ
681 2831 744 2900 οὐκ
762 2830 914 2917 αἰσχρὸν,
938 2857 963 2897 οι
952 2823 1106 2914 ἀνδρες

148 2927 333 3016 Ἀθηναῖοι,
356 2954 438 2998 κατα
428 2928 570 3015 μὲν
534 2956 596 3016 την
613 2929 741 3016 ἀγορὰν
758 2929 916 3024 ἀψευδεῖν
933 2930 1037 3015 νόμον
1048 2954 1106 3012 χε-

150 3027 312 3113 χράφδαι,
325 3024 373 3113 ἐφ’
387 3022 437 3105 οἷς
447 3027 548 3095 οὐδέν
557 3032 625 3096 ἐστι
638 3033 776 3118 δημοσία
788 3019 912 3115 βλάβος
924 3037 956 3096 εί
962 3053 1010 3105 τις
1020 3027 1106 3107 ψεύ-

151 3127 256 3208 δεται,
274 3129 311 3198 ἐν
322 3125 413 3215 δὲτῷ
430 3133 532 3216 κοινῷ
545 3153 589 3213 μη
601 3135 794 3217 χρῆσθαι
762 3154 808 3194 τω
823 3127 912 3213 νόμῳ
924 3125 1031 3211 τούτῳ
1042 3150 1105 3244 την

150 3221 295 3289 πολιν
258 3250 321 3309 την
332 3221 438 3311 αὐτὴν
455 3226 653 3304 ἐπιτάξασαν
671 3241 738 3307 τοῖς
754 3226 914 3310 ίδιοόταις,
928 3221 1012 3290 ἀλλά
1023 3221 1104 3342 τοὺς

149 3316 282 3405 ἀγαθόν
298 3349 330 3388 τι
348 3323 566 3408 πεποιηκότας
583 3327 797 3410 ἐξαπατησαι,
820 3326 874 3390 καί
891 3317 977 3388 ταῦτ’
990 3317 1032 3387 οὐ
1046 3347 1104 3404 μι

76 3461 78 3467 ·
105 3435 140 3488 10
149 3444 235 3502 κραν
252 3425 367 3506 ζημίαν
385 3418 546 3507 όφλησειν
564 3423 766 3508 μέλλουσαν;
788 3419 830 3486 οὐ
847 3419 911 3509 γὰρ
923 3413 1003 3486 εί
962 3444 1006 3504 μη
1018 3417 1102 3502 χρή-

180 3560 184 3571 “
253 3588 263 3621 ι
