2318 3894
193 271 318 351 ΠΡΟΣ
328 265 538 329 ΒΟῙΩΤΘΝ
550 262 659 324 ΠΕΡΙ
668 262 817 324 ΠΡΟΙΚ.
834 260 948 323 ΜΗΤ.
984 258 1047 322 485

43 516 46 521 ,
101 435 215 520 αύτην
225 437 321 550 66666
338 420 436 504 οὗτος
453 421 497 492 ολν
513 425 641 509 εἰλήφει
659 446 726 506 παρ
729 419 841 506 ’ἐμοῦ
856 377 959 506 μηδὲν
975 418 1049 488 ἀδι-

58 539 63 547 ’
101 540 256 613 κούντος,
277 525 320 614 ἣν
337 523 430 612 υμείς
440 520 519 592 ουδὲ
529 547 612 589 κατα
624 545 693 587 των
703 544 742 585 ια
732 515 876 603 μέγιστ’
889 514 1049 584 ἀδικούν-

91 627 214 698 Ιτων
195 633 281 714 υμᾶς
301 618 532 743 ἐπιχειρήσαιτ’
551 614 598 686 ’τίν
618 617 830 702 ποιήσασθαι.
870 619 926 682 ἵνα
947 615 983 683 δὲ
1003 611 1047 700 μή

101 734 191 796 δοκῶ
202 723 391 811 διαβάλλειν
398 717 520 802 αιἰτὸυ,
538 714 716 800 αυαμνωθι
723 739 780 799 μοι
789 738 848 790 τας
858 717 1047 842 μαρτυρίας.
1089 786 1095 797 ,

445 861 707 960 Μινιιειιι.

57 1013 94 1068 34
188 997 316 1057 Τουτον
325 985 386 1073 μὲν
397 990 512 1052 τοίνυν
523 1006 611 1049 ουτω
621 981 726 1065 μέγαν
736 981 791 1047 και
801 975 980 1065 φοβερον
960 1003 1049 1064 αγω-

100 1089 143 1155 νύ
160 1113 215 1172 μοι
226 1111 287 1170 ουχ
299 1111 343 1162 ως
354 1080 480 1168 ευηθής
492 1075 556 1165 ειν,
579 1076 651 1146 ἀλλ’
667 1074 736 1156 ὡςέ
736 1084 894 1162 βουλος
904 1078 958 1144 και
968 1102 1049 1143 κακ

100 1193 222 1270 οῦρμος
237 1183 488 1252 κατεσκεύασεν.
516 1203 597 1264 μετα
585 1174 644 1244 6
657 1183 760 1242 ταῦτα
771 1171 844 1242 οίντὶ
855 1181 916 1241 τοῦ
925 1170 1050 1258 ὀνόμα-

100 1308 156 1360 τος
172 1309 214 1349 ου
201 1273 327 1348 ἔθετο
345 1275 435 1366 οὑτω
446 1273 463 1344 ὁ
474 1272 581 1361 πατήρ
592 1266 757 1358 Βοιωτὸν,
781 1269 891 1356 ωσπερ
901 1272 955 1338 καλ
967 1267 1050 1356 πρὸς
1079 1335 1082 1346 ,

101 1377 186 1464 ὑμᾶς
196 1375 456 1464 μεμαρτύρηται,
469 1372 584 1458 ἐπειδή
598 1367 935 1454 ἐκείνοςέτελεύτησε,
947 1376 1049 1437 Μαν-

102 1478 244 1544 τίθεον
226 1500 346 1544 εαυιον
356 1472 524 1559 ἐγγρανας
535 1476 581 1550 είς
589 1495 669 1547 τους
680 1464 905 1555 δημοιας,καὶ
914 1491 975 1533 του
986 1493 1049 1533 αυ

18 1653 23 1665 ..
101 1600 163 1643 του
151 1577 245 1660 ἐμοὶ
255 1600 310 1642 και
298 1567 509 1656 πατροςκαὶ
518 1567 628 1655 δήμου
638 1564 985 1652 προσαγορευόμενος,
1007 1563 1049 1632 06

101 1672 208 1758 μόνον
218 1669 281 1758 τήν
293 1675 390 1756 δίκην
400 1669 541 1754 ταύτην,
553 1671 628 1752 περὶ
638 1657 677 1755 ής
686 1691 764 1734 νυνι
752 1660 984 1751 ιιικοιζομαι,’
966 1663 1049 1732 ανά-

102 1775 196 1838 ὄικον
213 1774 382 1853 ἐποίησεν,
405 1763 488 1835 ἄλλοι
505 1769 560 1834 και
575 1762 876 1852 χειροτονησάντων
888 1761 984 1849 ιιμιίν
994 1761 1050 1855 ἐμὲ
1113 1752 1119 1762 ’

102 1857 314 1949 ταξίαρχον·
291 1889 374 1949 ηκεν
388 1862 488 1942 αὐτὸς
503 1861 603 1931 ἐπὶ
569 1890 605 1931 το
619 1864 837 1949 δικασιήριον
842 1867 1049 1984 δοκιμασθή-

102 1963 258 2047 σύμενος,
271 1952 366 2045 δίιῖην
377 1962 413 2026 ιλε
424 1961 558 2081 ἐξούλης
569 1958 729 2046 ω’φλήκεις
740 1961 864 2045 ταύτην
874 1959 938 2027 ούκ
950 1956 1050 2039 αύτός
1060 1959 1125 2014 1019

58 2056 420 2178 δόύφλήκίνοιιφήσὶν,
434 2053 511 2125 ἀλλ’
512 2061 583 2143 ἐμέ.
607 2054 693 2135 ὡςὸ’
706 2059 925 2149 ἐνκεφαλαίῳ
935 2082 950 2122 ε
951 2063 1049 2145 ί,πεῑν

101 2183 187 2225 κακα
197 2181 253 2240 μοι
264 2152 595 2242 παρίχωνηναγκασε
601 2180 642 2241 με
652 2163 763 2241 λαχεῖν
772 2179 860 2243 αυτω
847 2158 967 2240 δικην
975 2157 1049 2242 περὶ
1087 2164 1102 2201 s

100 2261 161 2322 τοῦ
178 2250 356 2337 ὀνόματος,
380 2250 440 2338 οὐχ
455 2257 510 2321 ἵνα
527 2252 674 2340 χρήματα
689 2249 768 2340 παρ’
782 2245 1049 2340 αὐτούλοιβω,ω
1024 2244 1050 2320 6

85 2352 220 2435 6666
242 2352 408 2437 δικασταὶ,
429 2348 530 2422 666’“
515 2348 572 2435 ιν’,
593 2349 653 2432 ἐὰν
673 2348 751 2473 ὑμῖν
768 2356 857 2418 δοκω
872 2348 964 2419 δεινὰ
984 2351 1050 2420 ποί-

101 2469 193 2534 σχειν
208 2453 263 2517 και
280 2400 644 2571 βλοιιιτεσΐιαιμεγιιλα,
660 2447 773 2518 ούιοσὶ
793 2456 1049 2536 καλήταιΒοιω-

100 2543 174 2631 τός,
200 2543 309 2631 οἵσπερ
331 2574 349 2615 ο
367 2572 475 2634 πατήρ
492 2546 581 2635 αύτμ
570 2555 700 2618 6660
731 2546 782 2618 ὅτι
803 2554 919 2630 τοίμυν
938 2545 1048 2637 ἀληθῆ

101 2645 156 2712 καὶ
173 2651 276 2710 ταῦτα
292 2647 393 2730 λέγω,
414 2647 498 2737 λαβέ
511 2671 575 2735 μοι
583 2644 693 2720 καὶ
656 2673 724 2767 τοις
732 2649 806 2733 περὶ
824 2647 953 2714 τούτων
963 2672 1049 2734 μαρ-

100 2749 223 2829 πυρίας
392 2918 411 2931 ,Ι
442 2802 705 2924 ιιΑιΤιΡιΑι.

55 2975 89 3030 36
181 2959 273 3048 Πρὸς
289 2963 419 3044 τούτοις
436 2972 552 3034 τοίνυν
568 2967 623 3034 καὶ
641 2965 692 3033 ὅτι
708 2964 772 3050 ἐμοι
788 2967 1047 3052 στρατευόμενος

97 3060 152 3127 καὶ
169 3057 249 3145 μετὰ
260 3057 423 3145 Ἀμεινίου
440 3061 673 3156 ξενολογήσας,
696 3063 842 3132 ἄλλοθέν
852 3091 887 3133 τε
898 3067 1045 3152 χρήματα

97 3156 284 3244 εὐπορήσας
299 3158 402 3227 καιίκ
412 3162 607 3248 Μυτιλήνης
617 3157 706 3244 παρὰ
717 3169 779 3229 τού
789 3158 951 3250 ὑμετέρου
961 3189 1045 3249 προ-

96 3260 193 3336 ξένου
202 3257 444 3326 Ἀπολλωνίδου
462 3263 517 3328 καὶ
534 3257 623 3344 παρὰ
639 3267 708 3327 των
725 3267 834 3346 φίλων
849 3271 907 3349 τῆς
917 3263 1046 3342 πόλεως

95 3353 437 3440 λαβών-τριακοσίους
455 3366 617 3444 στατήρας
635 3364 799 3444 Φωκαεῖς,
820 3358 975 3445 ἀνήλωσα
998 3367 1044 3439 είς

95 3453 173 3534 τούς
183 3450 397 3543 στρατιώτας,
409 3460 466 3524 ίνα
475 3463 590 3542 πρᾶξίς
600 3483 648 3536 τις
658 3455 820 3543 προιχθείη
831 3460 885 3525 καὶ
897 3454 980 3544 ύμῖν
987 3460 1043 3528 καὶ
