2318 3894
871 94 896 133 ο.

211 248 354 311 ΚΑΤΑ
374 246 856 335 ΑΡΙΣΤΟΓΕΙΤΟΝΟΣ
873 250 915 311 Α.
978 247 1041 313 207

91 412 189 481 πόλιν
206 414 338 496 οἰκείτε,
361 416 564 495 συγγενικῶς
580 409 635 476 καὶ
652 407 915 505 φιλανθρώπως,
938 412 973 477 οί
980 408 1042 495 μὲν

91 509 196 589 οὕτως
212 508 354 597 ὁρῶντες
367 507 407 576 τά
417 517 486 577 τῶν
498 506 711 594 ἠτυχηκότων
722 512 802 592 ἔργα
814 505 914 591 ὥστε,
934 505 1042 592 τὸτῆς

90 615 281 695 παροιμίας,
302 604 451 688 ὁρῶντας
467 605 512 693 μή
524 604 610 691 όράν
619 607 676 674 καί
686 603 871 683 άκοάοντας
880 602 925 690 μὴ
936 601 1042 673 άκοό-

90 734 156 792 ειν,
181 710 216 774 οἰ
238 704 267 774 δ’
287 704 375 773 οὕτω
395 714 569 784 ποιοῦντες
590 701 612 771 δι’
629 703 832 788 πράττουσιν
854 699 931 769 ὤστ’
957 699 1042 769 εἰναι

90 808 230 891 φανεροί
251 808 305 872 καί
326 803 568 889 φυλαττόμενοι
587 806 643 870 καὶ
664 800 904 889 αἰσχυνόμενοι.
945 802 982 867 ἐκ
1004 800 1041 867 δὲ

88 903 217 971 τούτων
233 900 254 988 ἡ
271 900 367 988 κοινὴ
384 901 438 970 καί
455 901 590 969 πάντων
599 908 667 967 τῶν
678 899 819 986 άγαδῶν
829 907 917 970 αἰτία
926 906 968 986 τῇ
978 898 1041 966 πό-

45 1023 81 1079 90
90 1008 139 1068 λει
149 1003 240 1085 μένει
256 1001 311 1067 καί
321 1001 523 1085 συνέστηκεν
533 995 682 1082 ὁμόνοια.
715 1006 818 1066 ταῦτα
828 1004 946 1066 τοίνυν
954 994 1037 1082 Ἀρι-

90 1103 266 1180 στογείτωυ
282 1094 322 1162 τά
342 1103 451 1173 καλῶς
467 1093 555 1162 οὕτω
567 1095 736 1180 πεπηγότα
745 1104 785 1183 τῇ
796 1095 896 1180 φύσει
907 1097 962 1162 καί
972 1107 1041 1174 τοίς

88 1191 189 1280 ἤθεσι
197 1206 266 1270 τοίς
276 1189 446 1309 υμετίροις
457 1205 544 1260 κινεί
550 1190 636 1260 καί’
616 1207 748 1277 αυαιρεί
755 1195 810 1260 καί
821 1198 1040 1277 μεταρρίπτει,

88 1286 186 1357 καί“
164 1316 185 1356 α
207 1295 274 1356 τῶν
296 1286 408 1356 άλλων
428 1297 497 1357 τῶν
511 1288 726 1380 ἠτυχηκότων
740 1291 877 1367 ἕκαστος
895 1286 1040 1374 άηοφητί

88 1400 184 1472 ποιεί,
196 1383 297 1454 ταῦθ’
312 1377 411 1507 οβτος
420 1386 527 1506 μόνον
537 1412 579 1454 ου
568 1385 747 1466 ’κόδωνας
757 1385 1041 1472 ἐξανάμενοςδια-

88 1486 271 1605 πράττεται.
303 1482 346 1552 οὐ
367 1482 544 1573 πρύτανις,
567 1484 609 1554 οὐ
630 1491 751 1572 κῆρυξ,
773 1510 836 1553 ουκ
857 1482 1039 1570 ἐπιστάτης,

89 1579 189 1680 0152st
213 1580 464 1703 προεδρεύουσα
487 1581 578 1668 φυλη
598 1582 721 1655 τούτου
740 1595 874 1668 κρατεῖν
890 1581 1038 1651 δυ’ναταε

43 1703 78 1756 91
88 1667 220 1750 ἐπειδάν
237 1672 300 1750 οὖν
316 1706 366 1759 τις
381 1678 477 1766 ὑμῶν
493 1678 549 1766 ἐφ’
567 1673 672 1761 οἷς
627 1706 725 1761 ουτος
735 1677 922 1766 ἀσελγαίνει
932 1687 1039 1767 λυπη-

84 1783 159 1900 βείς
175 1803 191 1847 ε
193 1787 250 1866 ίπη
262 1776 414 1848 “τουτονί
430 1787 533 1847 ταῦτα
544 1794 668 1867 ποιεῖν,
691 1781 746 1849 καί
756 1777 849 1849 ταῦτ’
862 1777 1038 1866 ὀφείλοντα

90 1902 150 1965 πμ
136 1872 341 1971 δημοσίῳ,
363 1883 397 1944 τί
404 1875 435 1944 δ
445 1906 454 1957 ;
474 1903 517 1945 ου
505 1875 609 1947 καίο
625 1883 733 1966 δεῖνα,
757 1875 915 1966 φησίν,’
898 1904 960 1963 οφε
962 1885 1038 1967 ἰλει;
1094 1947 1098 1953 ,

88 1973 147 2042 τὸν
158 1972 281 2061 ἐχθρόν
291 1975 427 2054 ἕκαστος
436 1973 588 2044 ὑπειπῶν
598 1975 659 2045 τόν
668 1974 782 2045 αὑτοῦ.
805 1974 888 2043 ῶστε
901 1975 962 2062 τὴν
975 2000 1038 2044 πο-

88 2079 207 2158 νηρίαν
221 2071 283 2158 τὴν
298 2071 420 2140 τούτου
436 2078 545 2142 αἰτίαν
561 2072 729 2142 εἶναιτῶν
745 2080 980 2162 βλασφημιῶν,
1003 2079 1040 2140 αἳ

88 2173 162 2255 περὶ
172 2177 239 2237 τῶν
249 2168 310 2253 οὐχ
321 2167 446 2255 ὁμοίων
456 2171 564 2260 τοότφ
577 2170 631 2239 διά
642 2179 763 2239 τοῦτον
772 2179 952 2258 γίγνονται.

43 2295 78 2350 92
170 2266 300 2335 Λοιπὸν
320 2273 437 2335 τοίνυν
458 2269 563 2353 ἐστὶν,
587 2261 750 2354 ῶάνδρες
763 2265 947 2355 Ἀθηναῖοι,
969 2279 1037 2346 τοίς
1138 2263 1141 2270 ’

87 2365 316 2451 ἀπαλλαγῆναι
326 2367 541 2453 βουλομένοις
552 2365 691 2451 τούτου,
715 2363 857 2453 άδίκημα
868 2365 969 2450 σαφὲς
980 2365 1037 2432 καὶ

86 2464 221 2550 ἐναργὲς
237 2469 372 2551 ἔχοντας
387 2467 424 2533 ἐκ
439 2471 512 2533 ’τῶν
521 2462 636 2552 νόμων
645 2465 786 2551 μάλιστα
796 2464 858 2551 μὲν
869 2460 958 2553 αὐτῷ
968 2471 1036 2530 δα-

87 2565 192 2633 νάτου
208 2571 357 2651 τιμῆσαι,
380 2573 410 2633 εἰ
426 2561 534 2651 δὲμὴ,
553 2571 720 2632 τοσοῦτον
729 2561 904 2631 ἀναθεῖναι
913 2567 1035 2647 τίμημα

87 2665 276 2751 χρημάτων,
299 2661 382 2732 ὅσον
399 2660 444 2749 μὴ
463 2660 640 2748 δυνήσεται
650 2658 781 2747 φέρειν·
804 2658 885 2745 άλλη
896 2656 962 2745 γάρ
973 2654 1035 2727 οὐκ

44 2785 79 2838 93
89 2766 175 2830 ἔστιν
191 2759 362 2850 ἀπαλλαγὴ
378 2763 518 2848 τούτου,
539 2767 655 2847 σαφῶς
669 2761 855 2828 ἐπίστασθε.
888 2759 948 2827 καί·
959 2754 1036 2842 γάρ,

89 2851 439 2946 ῶάυδρεςἊδηναίοι,
460 2869 529 2929 τῶν
539 2859 600 2946 μὲν
611 2856 925 2945 άλλωνάνθράπων
935 2855 978 2924 άν
988 2880 1037 2933 τις

89 2959 154 3023 ίδοι
174 2953 252 3032 τούς
273 2955 335 3040 μὲν
354 2965 541 3043 βελτίστους
562 2960 617 3026 καί
639 2951 982 3043 μετριωτάτουςαότῇ
996 2957 1096 3039 τῇ798

88 3052 189 3136 φάσει
198 3051 308 3120 πάντα
318 3050 497 3134 ποιοῦντας
505 3050 749 3139 ἕκόνταςδίδεί,
772 3055 852 3131 τοὺς
862 3050 898 3119 δὲ
907 3056 1037 3136 χείρους

87 3149 305 3239 μὲντοάτων,
323 3156 384 3232 ἔξω
395 3155 430 3220 δὲ
441 3160 501 3221 τοῦ
512 3149 683 3239 πουηροδς-
693 3150 779 3237 άγαν
789 3155 974 3236 κληθῆναι,
988 3151 1035 3238 τῷ
1056 3140 1062 3151 ’

88 3249 185 3339 φόβφ
195 3255 242 3340 τῶ
254 3247 337 3332 πρὸς
346 3245 434 3336 ὑμᾶς
443 3252 499 3320 καί
508 3260 554 3340 τῷ
564 3265 632 3330 τοίς
643 3256 787 3335 αἰσχροῖς
795 3250 850 3317 καί
861 3246 971 3334 λόγοις
981 3248 1036 3315 καί

88 3345 252 3417 ὀνείδεσιν
268 3346 383 3434 ἀλγείυ
402 3344 668 3438 εὐλαβουμένους
687 3346 935 3434 ἐξαμαρτάνειν·
957 3344 1048 3421 τοὺς

90 3446 126 3514 δδ
142 3447 388 3534 πονηροτάτους
397 3449 453 3515 καί
463 3450 650 3533 ἐξαγίστους
661 3446 921 3532 ὀνομαζομένους
930 3442 989 3519 τάς
998 3465 1035 3524 γε
