2318 3894
263 243 406 306 xm
429 244 824 313 νιποκεκσουεε
953 248 1015 315 εω
1082 206 1085 219 ’

67 400 162 481 ὄντος
177 398 485 491 ἀμφισβητησίμου,
507 401 590 472 ἀλλὰ
610 411 744 490 πρῶτον
752 406 815 493 μὲν
825 416 883 495 τῆς
892 400 1017 495 βουλῇς

65 506 326 586 κατεγνωκυίας,
348 499 417 568 εἶτα
432 508 493 569 τού
514 500 622 587 δήμου
638 508 718 586 μίαν
733 499 860 589 ἡμέραν
869 502 1017 589 ὅληνέπδ

64 598 194 675 τούτοις
205 594 316 675 αύτοῖς
327 594 568 680 ἀναλώσαντος,
579 595 663 682 πρὸς
675 598 711 667 δὲ
720 599 849 678 τούτοις
860 604 1016 688 δικασθη-

66 701 154 784 ρίοιν
172 701 269 764 δυοῖν
280 701 326 774 εἰς
335 696 395 763 ἕνα
406 697 459 763 καὶ
468 703 592 781 χιλίους
603 698 852 783 ἐψηφισμένων,
876 699 1016 785 ἐνούσης
1057 718 1061 722 ·

66 793 103 863 δὲ
119 788 276 880 οὐδεμιᾶς
292 789 337 860 ἔτ’
355 791 567 879 ἀποστροφῆς
581 799 644 860 τοῦ
658 788 703 878 μή
721 790 762 859 τὰ
778 792 918 879 χρήματ’
931 799 1017 881 ἔχειν

66 886 399 977 ὑμᾶςρΤιμοκρύτης
416 887 529 958 οὑτοσὶ
544 887 685 957 τοσοῦθ’
703 885 875 977 ὑπερεῖδεν
886 889 1016 961 ἅπαντα

66 988 106 1055 τοὶ
118 987 294 1073 πράγματα
310 986 393 1055 ὥστε
409 993 522 1073 τίθησι
538 990 670 1056 τουτονὶ
686 985 746 1056 τόν
762 990 886 1074 νόμον,
909 987 954 1056 δι’
973 981 1016 1058 ού

67 1093 136 1152 των
158 1089 258 1168 ἱερῶν
273 1087 334 1170 μὲν
350 1085 526 1171 χρημάτων
542 1084 620 1163 τούς
639 1082 759 1170 θεούς,
777 1095 848 1167 των
864 1085 966 1156 ὁσίων
982 1088 1077 1157 δδλθδ

70 1182 131 1268 τήν
141 1180 237 1249 πόλιν
247 1179 436 1269 ἀποστερεῖ,
459 1182 568 1266 ἄκυρα
580 1184 616 1252 δὲ
626 1181 666 1251 τὰ
677 1183 871 1268 γνωσθένθ’
883 1183 949 1253 ύπό
959 1194 1018 1272 τῆς

70 1286 190 1366 βουλῆς
201 1283 255 1348 καὶ
265 1288 327 1348 τού
337 1282 445 1367 δήμου
454 1283 510 1348 καὶ
519 1289 581 1347 τού
589 1285 801 1366 δικαστηρίου
809 1288 1018 1369 καθίστησιν,

71 1376 185 1457 ἄδειαν
204 1382 240 1446 δέ
258 1377 297 1445 τὰ
311 1375 406 1445 κοινοὶ
418 1376 668 1464 διαρπαζοιντβ
677 1381 870 1468 βουλομένῳ
880 1386 1019 1466 πεποίη-
1106 1382 1107 1387 ’

28 1490 62 1542 10
70 1502 137 1544 κεν.
164 1475 249 1562 ὑπὲρ
263 1478 303 1563 δὴ
315 1476 445 1544 τούτων
456 1473 615 1551 ἁπάντων
624 1474 927 1562 λύσινεύρίσκομεν
937 1477 1019 1548 ταύ-

68 1599 129 1660 την
146 1568 253 1642 οὖσαν
269 1575 394 1661 μόνην,
416 1573 668 1659 εἰγραιβύμενοι
678 1572 738 1643 τὸν
748 1575 853 1661 νόμον
863 1577 918 1644 καὶ
928 1583 1019 1644 εἰσα-

68 1673 226 1758 γαγόντες
242 1680 288 1751 εἰς
302 1671 388 1760 ὑμεῖς
405 1681 503 1740 λῦσαι
521 1677 715 1758 δυναίμεθα.
731 1676 778 1764 Ιἐξ
795 1671 897 1761 ἀρχῆς
908 1665 971 1743 οὖν
981 1676 1018 1743 ev,

69 1778 205 1858 βραχέσι
221 1770 261 1837 τοὶ
280 1772 479 1857 πραχθέντα
490 1775 587 1856 δίειμι
604 1768 686 1858 πρὸς
702 1769 805 1858 ὑμᾶς,
825 1776 882 1840 ἵνα
892 1779 1018 1858 μᾶλλον

70 1866 200 1954 μάθητε
211 1870 265 1933 καὶ
276 1868 593 1955 παρακολουθήσητε
602 1883 671 1949 τοῖς
682 1867 802 1955 περὶ
768 1896 828 1939 τον
839 1870 944 1957 νόμον
955 1869 1018 1938 αύ-

71 1961 347 2050 τόνοῖδικήμασιν.
1003 2000 1008 2009 ·

23 2075 57 2127 ll
159 2063 320 2150 Ψήφισμα
334 2018 1019 2185 εἶπενένύμῖνἈριστοφωύελέσθαιζητη-

70 2286 139 2327 των
150 2262 265 2344 έχοντα
276 2287 307 2328 τι
316 2289 374 2348 της
384 2262 522 2346 πολεως,
530 2288 671 2350 μηνύειν
679 2287 915 2346 προςτοντους.
938 2285 1019 2346 μετα

71 2356 164 2425 ταῦτ’
184 2360 348 2444 ἐμήνυσεν
364 2359 550 2447 Εὐκτήμων
566 2367 651 2446 ἔχειν
664 2358 831 2446 Ἀρχέβιον
846 2360 900 2426 καὶ
915 2364 1021 2425 Λυσι-

70 2460 189 2541 θείδην
206 2457 506 2545 τριηραρχήσαντας
520 2458 669 2545 χρήματα
685 2453 949 2542 Ναυκρατιτικύι,
970 2462 1021 2524 τί·

71 2579 162 2640 μημα
172 2554 316 2622 τάλαντα
326 2559 421 2623 ἐννέα
431 2558 488 2625 καὶ
496 2558 674 2642 τριάκοντα
684 2564 778 2643 μνᾶς.
800 2563 970 2643 προσῆλθε
979 2565 1021 2644 τῇ

71 2658 193 2738 βουλῇ,
216 2650 443 2738 προβούλευμ’
461 2653 600 2738 έγρύφη.
633 2651 712 2739 μετὰ
729 2661 833 2720 ταῦτα
842 2657 1021 2740 γενομένης

30 2762 63 2814 12
72 2752 242 2836 ἐκκλησίας
253 2748 597 2837 προύχειροτόνησενδ
607 2755 720 2838 δῆμος.
739 2749 1021 2839 ύναστὰςΕύκτή-

71 2873 143 2932 μων
160 2854 273 2965 ἔλεγεν
289 2848 372 2917 ἄλλα
388 2876 424 2917 τε
440 2848 545 2919 πολλὰ
556 2853 612 2920 καὶ
623 2842 775 2937 διεξῆλθε
785 2849 868 2934 πρὸς
879 2847 966 2937 ὑμᾶς
977 2848 1021 2930 ὦς

57 2942 221 3031 ’ἔλαβεν
204 2972 225 3029 η
242 2944 376 3031 τριήρης
392 2973 429 3015 το
418 2945 588 3015 πλοδον’
569 2975 590 3034 η
602 2947 849 3016 Μελάνωπον”
827 2968 955 3033 αγουσα
965 2949 1021 3016 καὶ
1082 2948 1086 2959 “

69 3046 260 3126 Γλαυκέτην
268 3045 322 3108 καὶ
330 3040 546 3145 Ἀνδροτίωνα
555 3043 788 3132 πρεσβευτὰς’
766 3047 1019 3130 ωςΜαύσωλον,

72 3135 115 3217 ὡς
126 3136 295 3207 ἔθεσαν
260 3165 322 3224 την
332 3120 539 3232 ἱκετηρίαν’
510 3169 559 3211 ων
569 3136 613 3228 ήν
623 3140 663 3210 τὰ
674 3144 822 3230 χρήματα
832 3141 1019 3231 ἅνθρωποι,

72 3234 116 3316 ὡς
133 3236 448 3362 ἀπεχειροτονήσαθ’
465 3237 557 3326 ὑμεῖς
573 3256 617 3327 μη
607 3239 722 3326 φίλια
733 3237 825 3309 εἶναι.
857 3242 930 3310 τότε
941 3240 1019 3322 666-

70 3333 1019 3424 μνησενύμᾶς,τούςνόμουςύνέγνω,καθόύςτοῦτοντὸν

71 3434 196 3520 τρόπον
212 3439 503 3522 πραχθέντων-τῆς
520 3437 646 3517 πόλεως
655 3444 800 3524 γίγνεται
809 3435 849 3506 τὰ
860 3427 1016 3525 χρήματα.
1037 3447 1043 3454 “
