2318 3894
344 207 802 287 ΠΡΟΣΛΕΠΤΙΝΗΝ.
1005 219 1047 285 31

95 336 594 457 ραιιρουσαμένωνήμετάταύτ
596 369 1047 464 ’άδιιιούντωνήὸλωςάνα-
1101 414 1108 428 ·

93 474 191 555 ξίων,
213 464 299 536 δι’“
277 494 322 556 ην
336 464 378 537 ὃν
393 464 438 537 άυ
455 466 535 556 ύμῖν
546 475 628 560 δοιτή
638 473 801 541 κωλύσετ’
813 473 968 563 ἔχειντὴν
979 481 1114 593 δον-ο

92 566 186 651 ρεάν.
208 563 480 652 λέγειδννύμου.

481 732 660 796 ΝΟΜΟΣ.
1053 746 1104 803 487

52 881 85 936 ςς
174 851 321 923 ’Λιιούεί
324 845 521 941 ωανδρες
513 866 696 945 Αθηναῖοι,
709 861 764 927 καὶ
773 859 1045 944 καταμανθανετε

92 951 143 1021 ὅτι
160 949 301 1021 ἐνταῦθ’
320 958 370 1020 ένι
386 954 441 1021 καί
458 954 538 1032 τούς
555 952 667 1034 ἀξίους
684 960 769 1041 ἔχειν
784 982 824 1022 τα
812 953 979 1024 δοθέντα
989 959 1045 1026 καὶ

91 1048 172 1128 τοὺς
190 1047 235 1135 μή
247 1075 420 1129 τοιούτους
430 1053 623 1139 κριθέντας,
645 1052 704 1121 έαν
714 1036 837 1132 άδιιιως
845 1080 876 1120 τι
886 1052 1043 1142 λαβωσιν,

91 1146 338 1235 ἀφαιρεθῆναι,
364 1147 475 1218 καὶ
440 1176 478 1218 το
500 1149 619 1219 λοιπὸν
639 1148 695 1235 ἐφ’
717 1147 797 1236 ὑμῖν
817 1149 902 1218 εἶναι
923 1149 1042 1237 πάνθ’,

92 1269 205 1333 ωσπερ
216 1249 284 1316 ἐστὶ
295 1252 440 1334 δίκαιον
452 1249 508 1315 καί
518 1251 636 1315 δουναι
646 1249 757 1316 καὶ
712 1273 768 1335 μη
801 1274 846 1327 ως
856 1248 917 1333 μὲν
928 1252 1044 1316 τοίνυν

91 1343 165 1431 ούχὶ
181 1353 290 1424 καλῶς
307 1338 404 1425 οὗτος
416 1351 480 1432 ἔχει
490 1331 544 1413 καί
556 1350 647 1415 διτταί
633 1353 689 1425 ίως
700 1345 718 1415 6
730 1346 849 1432 νόμος,
871 1345 932 1413 οὔτ
934 1343 1043 1433 ’έρείν

91 1442 182 1529 ίμαι
192 1441 405 1530 Λεπτίνην
369 1469 455 1528 ουτ
477 1442 538 1512 έαν
549 1446 644 1533 λεγη,
665 1447 767 1525 δείξαι
778 1441 997 1531 δυνήσεσθαι
1019 1440 1055 1511 δι”

91 1541 125 1609 δε
136 1538 222 1626 πρὸς
232 1553 299 1620 τοῖς
311 1544 532 1627 θεσμοθέταις
542 1547 732 1628 §asymam
731 1539 830 1621 ’ἴσως
840 1545 946 1627 λέγων
956 1566 1043 1626 παρ-

89 1639 185 1725 άγειν
201 1634 288 1724 ὑμᾶς
304 1640 445 1726 ζητήσει.
473 1645 537 1727 ἔφη
554 1637 618 1726 γάρ
636 1640 794 1727 ἐξαπάτης
816 1643 912 1710 ἕνεκα
933 1664 1041 1728 παρα-

88 1737 281 1822 γεγράφθαι
296 1744 417 1806 τοῦτον
433 1737 494 1807 τὸν
509 1740 630 1826 νόμον,
651 1737 710 1807 έάν
728 1736 792 1807 δ”
772 1766 812 1808 ον
830 1766 928 1819 αυτος
938 1746 1040 1828 ἔθηκε

50 1842 197 1922 ρρλυθή,
208 1844 329 1904 τοῦτον
340 1863 382 1905 ον
372 1835 605 1924 ’τεθήσεσθαι
639 1834 760 1925 έγύ,
716 1837 792 1906 δ”
772 1865 822 1907 οτι
833 1841 896 1959 μὲν
905 1847 947 1926 τῇ
957 1837 1041 1924 ὑμε-

87 1936 166 2023 τέρᾳ
182 1933 285 2025 φήφφ
301 1935 423 2004 τούτου
438 1944 499 2006 τοῦ
515 1936 624 2024 νόμου
637 1937 799 2016 λυθέντος
815 1936 874 2006 τὸν
885 1959 1039 2031 παρεισε-

87 2034 305 2120 νεχθέντα’
260 2059 380 2119 κυριον
391 2033 474 2104 εἶναι
485 2045 599 2123 σαφῶς
610 2064 627 2105 ο
617 2033 778 2115 ’παλαιὸς
788 2035 915 2104 κελεύει
924 2036 1037 2121 νύμος,

86 2127 193 2200 καθ’
174 2158 216 2201 ον
226 2135 261 2200 οί
269 2135 473 2219 θεσμοθεται
482 2160 604 2204 τουτον
614 2151 693 2221 υμιν
703 2136 929 2221 παρεγραφαν
939 2134 1037 2220 έάσω,
1079 2153 1081 2160 ’

86 2231 141 2295 ἵνα
158 2254 208 2348 μη
194 2226 296 2317 περὶ
315 2230 436 2300 τούτου
452 2258 500 2311 τις
518 2230 672 2320 άντιλέγη
683 2259 757 2318 μοι,
769 2231 851 2301 άλλ’
865 2229 916 2300 ἐπ’
930 2236 1037 2300 έκεῖνο

77 2324 208 2412 εἶμι.
193 2351 278 2395 οταν
288 2354 390 2397 ταυτα
400 2332 480 2417 λεγη
491 2329 616 2420 δήηου,
633 2328 833 2416 ομολογεῑ
795 2354 818 2413 μ
835 2356 855 2396 ν
820 2328 950 2396 εείναι
960 2336 1038 2416 βελ-

86 2431 144 2492 τίω
160 2428 216 2493 καὶ
234 2427 440 2513 δικαιότερον
456 2426 554 2497 τόνδε
572 2426 633 2496 τὸν
644 2426 750 2515 νόμον
761 2453 803 2495 ου
791 2418 1017 2496 Ητέθεικεν
974 2453 1038 2494 αυ-

86 2522 157 2608 τδς,
179 2520 266 2607 ὑπὲρ
284 2525 320 2593 δὲ
336 2534 399 2596 τού
414 2533 484 2605 πῶς
499 2524 675 2613 τεθήσεται
692 2538 832 2593 ποιεῖται
848 2523 909 2594 τὸν
925 2525 1035 2613 λύγον.

39 2645 80 2697 100
86 2628 221 2707 πρῶτον
231 2621 292 2708 μὲν
302 2630 443 2692 τοίνυνε
445 2622 566 2694 ίσὶν’
524 2632 614 2716 αυτῷ
626 2621 710 2695 κατά
721 2632 784 2694 τοῦ
794 2631 1036 2714 παρεισφέρον-

85 2744 140 2798 τος
149 2723 269 2788 πολλοὶ
278 2746 410 2809 τροποι,
424 2715 511 2791 δι’
484 2751 549 2811 ων,
562 2752 607 2794 αν
616 2724 774 2814 βουληται
784 2723 940 2796 θειναι
904 2752 964 2794 τον
974 2750 1035 2792 νο

81 2815 226 2904 ’μον,’
183 2818 493 2909 αυτόνάναγιιάσει·
514 2822 616 2892 ἔπειτ’
626 2821 816 2911 ἐγγυώμεθ’
829 2823 937 2912 ήμεῑς,
958 2820 1033 2920 έγύ,

87 2923 297 3005 Φορμίων,
280 2915 385 2987 άλλον
400 2930 435 2990 εί
440 2947 514 2989 τινα
524 2922 694 3008 βούλεται,
715 2922 848 3010 θησειν
846 2948 907 2991 τον
918 2945 1032 3007 νυμον

86 3021 152 3085 ἐστι
169 3016 206 3085 δὲ
219 2997 382 3105 δήπου
342 3045 443 3105 νομος
453 3015 549 3106 ὗμιν,
569 3020 629 3088 έάν
639 3047 688 3099 τις
698 3018 963 3106 ύποσχύμενόςτι
974 3013 1035 3086 τδυ

85 3111 231 3202 δῆμον’
208 3143 230 3203 η
247 3112 409 3205 βουλήνη
420 3116 844 3206 διιιαστήριονέξαπατήση,
865 3115 1035 3205 τάέσχατα
1137 3169 1140 3175 -

85 3213 229 3302 πάσχειν.
263 3217 476 3303 ἐγγυώμεθα,
493 3214 755 3302 ὑπισχνούμεθα.
787 3220 821 3284 οί
832 3218 1035 3304 θεσμοθέται

84 3322 185 3384 ταῦτα
202 3315 420 3401 γραφόντων,
441 3317 494 3383 έπὶ
510 3315 639 3394 τούτοις
655 3311 692 3383 τὰ
711 3312 845 3400 πρᾶγμα
855 3318 1031 3401 γιγνέσθω.

44 3425 76 3481 101
85 3412 164 3499 μήθ’
177 3412 273 3500 ὑμεδς
285 3414 438 3499 ποιήσητε
447 3413 552 3500 μηδὲν
561 3410 697 3494 άνάξιου
707 3411 803 3499 ὑμῶν
814 3409 937 3500 αὐτῶν,
949 3409 1031 3499 μήτ’,
