2318 3894
273 228 431 318 'RATA
455 254 846 331 Τιαοιιεκτονε.
983 252 1044 319 εει

97 418 228 485 τουτονὶ
244 416 376 504 λάβετε,
399 418 504 483 έκεῖνο
519 410 603 497 πρός
618 412 748 498 τούτοις
764 409 888 482 ἅπασιν
882 416 1047 503 ἐνθυμη-

97 517 223 597 θέντες,
235 521 269 581 τί
276 511 351 581 ποτ’
364 509 409 580 ἀν
420 507 590 580 &ndens
573 508 638 578 οπό
649 510 774 578 τούτου
784 509 898 593 αὐτοῦ,
910 504 993 578 εἶ’
950 536 1047 590 ουτος

22 665 24 668 >
49 605 56 628 ‘
96 607 181 690 εἷς
154 639 203 679 ων
213 608 441 698 ἐπρέσβευεν
421 613 484 678 υπ
485 607 620 727 ρύμολη.
649 605 787 693 οἶμαι
749 633 813 693 γαρ
822 633 975 675 τοιοντον
986 633 1047 675 ον·

97 713 154 776 θεν
165 707 279 776 εἷναι“
259 733 340 776 οτον
350 734 394 775 αν
404 702 608 793 ἀπέσχετο.
594 713 690 786 ορᾶτε
702 703 786 773 66
749 731 812 790 την
822 703 1026 774 όιανοιαν
984 732 1047 774 αν-

95 816 172 876 τού·
193 804 211 875 6
223 808 287 893 γάρ
300 806 411 892 νόμος,
423 803 463 873 ὃν
474 808 632 891 ἐτόλμησε
642 813 765 893 θεῖναι,
777 803 836 872 τόν
847 803 973 888 τρόπον
982 804 1049 871 αὐ-

96 915 158 973 τοῦ
171 910 348 973 δείκνυσιν.

34 1009 86 1063 139
179 1004 348 1088 Βούλομαι
360 1003 391 1070 6’
404 999 499 1087 ύμῖν,
513 993 542 1068 οὐ
553 999 671 1095 ἀνδρες
682 1003 846 1084 δικασταὶ,
859 1005 896 1070 έν
904 1008 1047 1086 Λοκροῖς

99 1102 142 1179 ὡς
152 1110 374 1186 νομοθετοῦσι
385 1098 622 1185 διηγήσασθαι·
645 1098 745 1166 οὐδὲν
758 1099 822 1184 γὰρ
832 1106 962 1184 χείρους
973 1106 1045 1168 ἔσε-

99 1207 162 1264 σθε
179 1197 386 1283 παράιλειγμά
402 1223 433 1262 τι
450 1194 644 1282 ἀκηκοότες,
666 1198 772 1275 ἄλλως
789 1223 825 1264 τε
841 1199 896 1265 καὶ
914 1189 1106 1288 finam

99 1292 325 1380 εὐνομουμένη
344 1302 467 1381 χρῆται.
498 1297 566 1362 ἐκεῖ
573 1291 635 1378 γὰρ
648 1293 753 1371 οὐτως
763 1304 889 1362 οἴονται
899 1300 969 1362 δεῖν
979 1309 1046 1372 τοῖς

97 1391 199 1460 πάλαι
214 1394 375 1478 κειμένοις
393 1399 537 1480 χρῆσθαι
553 1390 666 1476 νόμοις
682 1389 791 1458 κοιΐτά
812 1392 932 1476 πάτρια
953 1413 1048 1475 περιε-

97 1494 243 1582 στέλλειν
253 1492 308 1557 καὶ
318 1491 362 1576 μη
374 1489 457 1576 πρὸς
467 1488 524 1568 τάς
535 1489 709 1576 βουλήσεις
719 1488 800 1574 μηδὲ
811 1487 894 1572 πρὸς
905 1489 962 1568 τὰς
973 1493 1047 1581 δια-

98 1589 208 1666 δύσεις
225 1597 293 1654 τοῖν
307 1586 518 1674 ἀδικημάτων
534 1595 806 1673 νομοθετεῖσθαι,
829 1584 908 1653 ὥστ’
927 1586 987 1654 ἐάν
997 1604 1047 1665 τις

96 1688 254 1773 βούληται
270 1686 376 1773 νόμον
386 1683 504 1754 καινόν
513 1687 663 1769 τιθέναι,
683 1688 720 1752 ἐν
730 1683 839 1770 βρόχοι
850 1683 911 1751 τόν
922 1684 1045 1771 τρύχη-
1068 1698 1071 1704 ’

98 1793 158 1852 λον
174 1790 257 1869 ἔχων
273 1794 463 1871 νομοθετεῖ,
485 1785 540 1851 καὶ
556 1779 615 1852 ἐόν
625 1781 685 1868 μὲν
696 1782 775 1869 ὃόξη
786 1779 887 1860 καλός
897 1776 952 1850 καὶ
962 1782 1046 1867 χρή-

98 1902 197 1966 σιμος
202 1879 309 1948 εἶναι
295 1907 312 1951 ο
325 1882 440 1967 νόμος
453 1877 514 1968 ζῗΓ
501 1906 518 1950 ο
529 1881 632 1958 τιθεὶς
642 1880 697 1947 καὶ
707 1877 888 1966 ἀπέρχεται,
901 1885 932 1948 ελ
941 1880 1027 1949 ὲ
987 1905 1043 1966 μη,

36 1980 258 2063 ]4οτεθνηκεν
269 1979 529 2055 ἐπισπασθέντος
539 1999 599 2042 του
583 1974 742 2062 βρόχου.
769 1972 878 2044 καὶ
834 2000 898 2059 γαρ
909 2000 960 2043 τοι
969 2002 1045 2044 και

97 2075 177 2152 νούς
194 2075 256 2161 μεν
272 2100 314 2141 ον
304 2073 471 2159 ’τολμῶσι
485 2079 641 2140 τίθεσθαι
658 2071 798 2158 νόμους,
819 2087 887 2150 τοῖς
892 2072 933 2139 δὲ
943 2074 1045 2140 πύλαι
1104 2138 1117 2161 ‚

96 2175 258 2256 κειμένοις
268 2169 411 2254 ἀκριβῶς
422 2177 573 2255 χρῶνται.
596 2171 632 2236 ἑν
642 2176 775 2245 πολλοῖς
785 2166 919 2235 όὲπάνν
928 2173 1044 2250 ἔτεσιν,

99 2263 256 2352 ὐάνόρες
267 2269 432 2351 δικασταὶ,
451 2263 496 2344 εἷς
505 2268 633 2350 λέγεται
644 2263 721 2347 παρ’
736 2263 848 2343 αὐτοῖς
858 2264 961 2349 νόμος
971 2291 1045 2332 και-

98 2364 157 2444 νὸς
168 2372 316 2450 τεθῆναι.
339 2362 435 2441 ὄντος
445 2361 509 2449 γάρ
521 2361 643 2430 αὐτόθι
654 2360 772 2446 νόμον,
784 2361 844 2427 έάν
854 2386 902 2438 τις
912 2357 1046 2446 ὀφθαλ-

97 2462 166 2549 μόν
179 2463 321 2549 έκκόψη,
345 2458 546 2542 ἀντεκκόψαι
562 2474 741 2545 παρασχεῖν
757 2457 817 2527 τὸν
832 2459 968 2553 ἑαντού,
991 2461 1046 2528 καὶ
1113 2518 1116 2523 .

97 2560 138 2628 οὐ
154 2558 331 2647 χρημάτων
348 2559 508 2646 τιμησεως
520 2555 689 2645 οὐδεμιᾶς,
712 2555 887 2677 ἀπειλησαί
896 2581 944 2637 τις
954 2559 1047 2642 λέγε-

97 2687 149 2727 ται
162 2656 284 2744 ἐχθρός
301 2662 413 2780 ἐχθρῷ
429 2659 489 2725 ἕνα
486 2663 611 2749 ἔχοντι
623 2653 826 2743 ὀφθαλμόν
812 2652 864 2756 ότι
875 2651 1047 2725 αὐτούέιι·

38 2774 87 2828 141
99 2758 194 2837 κόψει
210 2766 331 2826 τοῦτον
346 2756 406 2826 τὸν
419 2758 488 2825 ἕνα.
519 2760 698 2861 γενομένης
708 2754 744 2824 66
753 2750 873 2841 ταύτης
884 2780 941 2840 της
952 2752 1046 2821 ἀπει-

101 2861 158 2938 λῆς
168 2863 314 2938 χαλεπως
325 2852 497 2941 ένεγκύν’
480 2881 498 2923 ο
510 2847 774 2941 ἑτερόφθαλμος,
797 2851 1046 2940 καὶὴγούμενος

101 2948 243 3037 ἀβίωτον
259 2950 349 3041 αὐτῷ
368 2951 506 3021 εἶναι
471 2979 534 3021 τον
552 2960 628 3040 βίον
650 2961 748 3020 τοῦτο
770 2951 932 3033 παθόντι,
953 2955 1046 3035 λέγε-

100 3075 153 3116 ται
171 3058 331 3136 τολμῆσαι
346 3052 450 3136 νόμον
467 3056 679 3135 εἰσενεγκεῖν,
700 3049 760 3116 έάν
776 3072 825 3125 τις
840 3048 899 3114 ἕνα
916 3051 1047 3133 ἔχοντος

100 3145 432 3236 όφθαλμὸνέκκύψη,
453 3147 554 3234 ἄμφω
566 3145 767 3227 ἀντεκκόψαι
778 3159 972 3231 παρασχεῖν,
990 3149 1046 3214 ἵνα

99 3254 140 3332 τῇ
152 3255 206 3332 ῖση
218 3253 376 3335 συμφορᾷ
386 3243 566 3332 ἀμφότεροι
576 3254 730 3332 χρῶνται
745 3247 800 3313 καὶ
811 3251 931 3313 τοῦτον
941 3244 1047 3331 μόνον

100 3346 251 3428 λέγονται
261 3345 385 3427 ’Λοκροὶ
400 3345 525 3411 θέσθαι
539 3342 599 3410 τόν
615 3343 721 3429 νόμον
738 3347 774 3410 έν
791 3350 885 3409 πλεῖν
901 3336 1048 3425 η”όιακο-

40 3462 90 3514 142
102 3447 184 3520 σιόις
195 3447 308 3510 ἔτεσιν.
343 3444 378 3510 οἱ
391 3441 427 3509 66
436 3439 516 3525 παρ’
528 3439 606 3531 ἡμῖν
616 3436 765 3529 ῥήτορες,
788 3431 944 3520 ὐάνὸρες
954 3439 1048 3502 σικα-
