2318 3894
84 194 87 200 ’
140 225 203 309 εει
339 244 458 350 xxxm.
487 184 948 302 Δειαοεοεαονε

140 403 379 492 ἠφανισμένων
395 410 463 472 τῶν
474 408 658 484 συνθηκῶν
668 398 723 467 καλ
734 406 802 466 τῶν
795 393 1020 485 διαιτητῶν’
1000 408 1097 465 αντι-

142 505 347 589 λεγομένων
364 500 603 585 ἐπιχειροῦντες
620 497 656 566 δὲ
670 497 815 617 ηράφειν
833 498 943 580 ἑτέρας
961 497 1096 616 συνθή-

143 627 202 680 κας
217 599 434 684 περὶτούτων
452 600 689 683 διηνέχθησαν,
713 586 811 688 οὗτος
830 595 890 682 μὲν
911 593 1013 675 ἀξιῶν
1034 593 1096 664 τδν

36 718 40 724 “
141 698 367 785 Ἀριστοκλέα,
383 693 450 762 οδὲ
459 695 646 778 Παρμένων
654 719 734 772 τους
743 707 847 780 τρεῖς,
868 689 984 781 οἷσπερ
996 695 1053 762 καὶ
1063 697 1095 774 έξ

72 874 79 886 ⁹
140 794 281 882 ἀρχήςη
269 791 464 878 έπιτροπή
475 794 610 876 ἐγένετο.
645 816 687 858 ου
676 788 948 878 ’γραφεισῶνδ
973 793 1095 878 ἑτέρων

144 898 341 978 συνθηκῶν,
364 898 433 958 τῶν
450 886 482 957 δ’
502 892 534 970 ἐξ
550 887 653 976 ἀρχῆς
669 886 923 974 ἀφανισθεισῶν
939 895 986 968 είς
1000 887 1091 957 τοῦτ’

142 985 249 1078 ήλθέν
265 988 431 1068 ἀναιδείας
447 987 466 1058 ὁ
482 986 655 1075 ήφανιιιῶς
672 985 731 1067 τάς
746 987 921 1073 συνθήκας
942 985 1029 1056 ὥστε
1049 985 1095 1066 είς

143 1084 192 1156 ῶν
208 1087 455 1173 ἀποφανεῖσθαι
472 1091 535 1173 ἔφη
546 1085 608 1172 τήν
618 1090 755 1154 δίαιταν.
787 1087 1021 1172 παρακαλέσας
1031 1082 1094 1154 δ’ὁ

140 1191 327 1274 Παρμένων
346 1186 515 1273 μάρτυρας
535 1181 651 1265 ἀπείπε
667 1191 713 1274 τῷ
730 1181 933 1268 Ἀριστοκλεῖ
946 1182 991 1271 μή
1003 1183 1095 1254 ἀπο-

142 1293 323 1373 φαίνεσθαι
340 1282 429 1372 παρά
447 1283 505 1362 κάς
521 1281 790 1369 συνθήκας-καθ’
809 1279 913 1350 αὑτοῦ
931 1281 1018 1350 ἀνευ
1028 1290 1095 1351 τῶν

142 1387 390 1471 συνδιαιτητῶν.
415 1373 692 1451 καλῶνέναντίον
701 1380 849 1468 ἀπεῖπεν,
860 1379 1027 1450 ἀκούσατε
1038 1388 1095 1468 τής

115 1491 120 1496 ’
141 1490 328 1569 μαρτυρίας.

114 1584 120 1596 ’
391 1615 397 1626 ’
495 1634 735 1696 ΜΑΡΤνΡιΑ.

19 1827 20 1836 ¹
98 1767 133 1819 20
225 1755 442 1830 Μετάταῦτα
457 1764 572 1824 τοίνυν
589 1782 634 1846 ιφ
623 1761 855 1844 Παρμένοντι
871 1761 995 1845 συνέβη
1008 1733 1095 1844 συμ-

141 1879 230 1939 φορα
219 1851 349 1938 δεινή,
368 1880 393 1920 ω
383 1845 526 1935 ἀνδρες
537 1857 695 1925 δικασται.
728 1864 901 1936 οἰκοῦντος
911 1854 976 1941 γάρ
988 1855 1148 1929 αὐτοῦὸνι

139 1955 176 2022 έν
183 1949 348 2072 Ὀφρυνίμ
360 1949 462 2020 διά
426 1979 487 2039 την
498 1962 636 2022 οίκοθεν
649 1951 772 2042 φυγήν,
782 1953 837 2024 ὅτε
848 1952 865 2024 ὁ
878 1953 1013 2040 σεισμὸς
1022 1957 1095 2041 ἐμέ,-

139 2075 243 2120 νετοο
231 2047 330 2135 ’περὶ
340 2051 564 2138 Χερρόνησον,
577 2053 809 2139 συμπεσούσης
819 2051 909 2144 αὐτφ
919 2062 977 2140 τῆς
989 2062 1095 2150 olm

139 2147 311 2218 ἀπώλοντο
328 2148 349 2236 ή
365 2149 524 2236 μυνήκαὶ
534 2157 569 2220 οί
579 2156 701 2231 παῖδες.
734 2155 789 2220 καὶ
799 2150 817 2220 ὁ
828 2152 889 2238 μὲν
899 2152 1094 2239 πυθόμενος

138 2246 200 2334 τήν
210 2247 389 2334 συμφοράν
400 2246 499 2340 ήέχετο
512 2253 650 2320 ἐνθένδε
660 2246 851 2325 ἀποπλέων·
872 2249 889 2321 ὁ
902 2258 922 2320 δ
926 2250 934 2276 ’
942 2250 1093 2339 Ἀριστο-

139 2356 234 2443 κλής,
253 2352 562 2436 διαμαρτυραμένου
572 2358 634 2418 τοῦ
644 2347 830 2436 ἀνθρώπου
841 2355 994 2421 ἐναντίον
1005 2377 1092 2438 μαρ-

128 2446 250 2541 τύρων
266 2447 310 2533 μή
327 2445 575 2533 ἀποφαίνεσθαι
597 2447 676 2517 καθ’
696 2447 802 2517 αὑτοῦ
821 2447 904 2517 ἀνευ
921 2458 991 2518 τῶν
1008 2473 1092 2519 συν-

139 2549 330 2632 διαιτητῶν,
359 2544 633 2634 ἀποδημήσαντος
661 2555 724 2616 τοῶ
743 2545 928 2632 ἀνθρώπου
950 2546 1006 2616 διά
1029 2548 1091 2637 τήν

127 2640 317 2726 συμφορὰν
339 2643 466 2730 ἐρήμην
486 2644 560 2712 κατ’
580 2643 685 2713 αὐτοῦ
707 2643 899 2733 ἀπεφήνατο
920 2645 983 2732 τήν
1004 2654 1091 2732 δίαι-

95 2742 128 2793 21
139 2764 210 2806 ταν.
239 2741 296 2806 καὶ
306 2739 369 2824 έηῶ
386 2744 447 2825 μὲν
465 2745 520 2811 καλ
536 2741 736 2827 ὁΦῶκριτος
746 2746 785 2811 έν
800 2758 870 2823 ταῖς
880 2741 994 2825 αὐτοῖς
1006 2765 1091 2823 συν-

138 2836 261 2957 θήκαις
271 2838 534 2923 γεγραμμένοι,“
513 2865 564 2906 οτι
576 2835 882 2925 ἠμφισβήτησεν
839 2867 919 2911 ουτο
921 2868 990 2936 ςμη
980 2841 1090 2912 εἶναι

34 2987 36 2990 .
137 2931 224 3040 ήμιῖς
241 2933 405 3021 διαιτηιάς
427 2932 519 3024 αυτῶ
531 2934 782 3022 ,ἐφύγομεν
748 2964 786 3007 το
792 2944 981 3027 διαιτῆσαι·
1016 2939 1086 3011 δ”δ

138 3031 180 3100 οὐ
201 3033 306 3120 μόνον
327 3030 605 3121 ἀμφισβητηθείς,
629 3032 712 3104 ἀλλά
732 3040 796 3108 καλ
809 3037 1003 3127 ἀπορρηθὲν
1026 3041 1089 3108 αὐ-

137 3138 199 3215 τῷ,
229 3123 375 3198 οὐδὲν
351 3158 452 3218 ηττον
472 3132 534 3219 τήν
555 3129 723 3226 ἀπόφασιν
744 3136 977 3224 ἐποιήσατο.
964 3138 1086 3208 ταῦθ’
1132 3166 1136 3174 ·

136 3222 404 3402 ισιὲιιυφυφφίτςετῶν
417 3230 528 3299 ἀλλων
541 3227 727 3316 Ἀθηναίων
742 3231 956 3325 υπομείναι”
934 3264 979 3304 αν
989 3247 1088 3325 ποιή-

89 3428 124 3482 22
195 3418 252 3530 1Ἀ
267 3415 388 3508 μέν’
345 3448 409 3490 ουν
423 3425 552 3511 περὶ
516 3453 578 3515 την
589 3427 748 3517 ἀφάνισιν
758 3458 826 3501 ταν
835 3442 1021 3520 συνθηκῶν
1031 3439 1087 3504 καὶ
