2318 3894
507 60 537 121 ῃ
564 44 568 59 .

344 211 798 324 Momm-mon-
980 259 1042 323 ιιι

94 418 367 508 τοίςτοιούτοιςῆ
380 421 431 490 ὅτι
441 421 730 507 αφαιροῦνταιβίηι
741 418 781 487 τὰ
794 418 965 505 ἀλλότριος
979 420 1041 508 ἐγώ

94 523 156 609 μὲν
168 521 245 590 οὐδ’
258 521 386 609 ἀκήκοα
402 522 535 590 ποόποτε
553 528 688 607 πρᾶγμα
703 519 941 608 μιαρότερονῆ
953 521 972 591 ὃ
983 515 1044 591 ού·
1101 587 1104 592 .

94 646 144 688 τοι
156 621 445 704 διαπεπραγμένοι
451 622 512 688 είσλ
528 620 603 703 περὶ
617 616 719 704 ἡμᾶς,
739 620 795 687 καί
811 617 909 686 ταῦθ’
921 617 1044 705 ὁμολο-

47 715 237 804 ’γηγοῦντες
253 723 367 804 λαβεῖν
385 715 456 801 παρ’
469 716 566 804 ἡμῶν
583 713 624 783 τοὶ
636 716 795 802 χρήματα.
827 714 891 784 ὅσα
901 718 962 803 μὲν
978 715 1043 803 γαρ

94 814 367 901 ἀμφισβητήσιμά
380 817 448 882 ἐστι
457 824 526 883 τῶν
539 822 761 900 συμβολαίων,
778 823 917 900 κρίσεως
929 820 1042 898 δεῖται,
1052 833 1103 886 932

95 908 122 980 ὦ
141 913 262 998 ἄνδρες
278 916 442 980 δικασταί·
470 912 511 981 τοὶ
530 913 565 980 δὲ
581 911 657 998 παρ’
669 911 1044 999 ύμφοτέρανὸμολογη-
1125 924 1128 929 “

96 1014 201 1078 θέντα
219 1016 289 1078 τῶν
309 1014 578 1108 συνταδεμένων,
607 1014 663 1079 καί
685 1015 759 1098 περί
783 1004 1043 1098 ὤν’συγγραφαὶ

96 1124 221 1176 κείαται
238 1112 401 1195 ναυτικαί,
422 1113 515 1188 τέλος
526 1108 652 1195 ἕχειν”
629 1117 966 1195 απαντεςνομίζουσι,
988 1115 1043 1178 καί

90 1215 239 1301 ,χρησθαι
251 1207 483 1329 προσηκειτοῐς
492 1210 740 1303 γεγραμμένοις.
771 1205 822 1273 ὅτι
834 1208 870 1277 δὲ
886 1207 969 1275 κατὰ
980 1234 1043 1294 την

94 1400 381 1488 αρχηςαρξαμενοι
392 1405 629 1488 ἐκακοτέχνουν
639 1405 695 1472 καί
705 1403 928 1490 ἐπεβουλευον
939 1403 1043 1489 μηδὲν

91 1497 185 1585 -ῦγιὲς
196 1516 313 1585 ποιεῖν,
320 1527 385 1568 υπο
397 1528 433 1569 τε
444 1510 511 1569 τῶν
522 1509 714 1588 μαρτυριῶν
724 1503 779 1570 καὶ
792 1497 916 1569 αὐτοὶ
898 1499 952 1586 υφ’
963 1503 1043 1568 ἑαυ-

94 1597 711 1691 τῶν-ἐλέγχονταιοῦτωσὶκαταφανιῦς.

50 1721 85 1775 29
173 1693 212 1765 ‘¹0
234 1698 270 1764 δὲ
290 1698 427 1765 πάντων
450 1698 646 1785 δεινότατον
662 1698 859 1781 διεπράξατο
880 1695 1043 1781 Λάκριτος

94 1793 208 1863 οὑτοσί
209 1793 543 1881 ,δεῖῦμολςύκοῦσαν
567 1787 740 1882 οὗτοςγύρ
756 1789 1043 1880 ἦνὸπύνταταῦ-

94 1920 134 1960 τα
153 1897 298 1959 διοικυν.
341 1891 451 1977 ἐπειδὴ
467 1892 533 1980 γαρ
548 1891 713 1979 ἀφίκοντο
726 1896 842 1976 δεῦρο,
865 1898 911 1969 είς
926 1889 1037 1976 μὲν
1004 1916 1041 1957 το

93 1989 254 2076 ὑμέτερον
265 1989 424 2075 ἐμπόριον
437 2015 478 2057 ου
467 1987 766 2074 ’καταπλέουσιν,ε
752 1996 797 2066 είς
807 1997 943 2108 φορῶν
945 1989 981 2055 δὲ
991 1996 1042 2055 λι-

93 2092 175 2174 μένα
188 2085 418 2174 ὁρμίζονται,“
398 2104 434 2166 ος
444 2092 534 2157 ἐστιν
544 2093 603 2168 ἔξω
616 2096 684 2155 τοῖν
695 2093 842 2172 σημείων
852 2095 914 2153 τοῦ
925 2084 1041 2169 ύμετέ·
1056 2109 1058 2111 ’

96 2209 159 2267 ρον
172 2189 340 2270 ἐμπορίου.
361 2187 414 2252 καί
427 2184 546 2253 ἒστιν”
525 2210 644 2271 ομοιον
657 2190 703 2262 είς
714 2210 841 2270 φωρων
852 2184 967 2268 λιμένα
980 2181 1041 2264 ὁρ-

95 2290 273 2367 μίσασδαι,
297 2280 407 2366 ὥσπερ
426 2279 469 2349 ι’ίν
482 2293 514 2350 εί
527 2309 576 2361 τις
592 2287 637 2361 είς
648 2292 793 2368 Αίγιναν
807 2308 828 2367 η
815 2277 886 2360 ’“είς
898 2285 1039 2365 Μέγαρα

95 2377 281 2464 ὁρμίσαιτο
305 2383 408 2457 ἔξεστι
424 2406 488 2465 γαρ
506 2378 668 2448 ἀποπλεῖν
684 2383 720 2447 ἐκ
737 2387 806 2447 τοῦ
816 2382 947 2464 λιμένος
961 2379 1042 2446 τού-

92 2502 154 2544 του
170 2475 248 2544 όποι
261 2472 306 2543 ύν
322 2503 372 2555 τις
389 2479 549 2564 βούληται
566 2475 654 2545 καί’
638 2474 763 2562 οπηνίκ’
778 2472 821 2544 όν
839 2483 923 2564 δοκῇ
940 2474 1039 2566 αὐτῷ.

49 2577 149 2650 maz
159 2601 196 2643 το
187 2574 269 2660 μὲν
280 2576 436 2645 πλοῖον’
408 2602 511 2663 υρμει
527 2581 676 2645 ἐνταῦθα
695 2583 831 2655 πλειους
846 2603 867 2661 η
854 2571 976 2644 ’πέντε
987 2581 1041 2644 καί

94 2673 248 2744 είκοσιν
230 2679 368 2761 ημέρας,
393 2668 486 2744 οῦτοι
503 2677 539 2746 δὲ
555 2677 778 2762 περιεπάτουν
788 2679 825 2744 έν
835 2700 881 2768 τηε
870 2679 1042 2762 δείγματι

93 2800 138 2863 τηο
125 2772 318 2865 ὑμετέρῳ,
341 2773 431 2843 καί“
414 2791 506 2862 ημεῑς
522 2775 716 2862 προσιόντες
733 2763 965 2898 διελεγόμεθα,
986 2778 1041 2842 καί
1092 2815 1094 2821 ·

94 2873 289 2958 ἐκελεύομεν
304 2875 444 2953 τούτους
459 2875 722 2962 έπιμελείσῦαι“
703 2901 793 2954 οπως
810 2871 853 2944 ι’ίν
866 2901 910 2954 υς
920 2872 1039 2959 τάχιστ’

95 2966 370 3056 όπολαβοιμεν
334 2999 373 3038 τα
386 2973 544 3058 χρήματα.
568 2967 662 3043 ουτοι
679 2973 712 3042 δ’
724 2973 923 3061 ωμολόγονν
939 2998 975 3039 τε
985 2975 1040 3039 καί
1069 3030 1072 3037 .

94 3066 246 3152 ἕλεγον”
226 3093 275 3135 οτι
292 3067 376 3135 αὐτὰ
386 3079 490 3138 ταῦτα
507 3081 706 3156 περαίνοιεν
736 3076 791 3140 καί
807 3070 901 3158 ἡμείς
911 3071 1040 3148 τούτοις
1077 3113 1080 3118 -

95 3173 282 3255 προσῇμεν,
311 3165 409 3234 καὶ”
386 3165 439 3252 αμ’
461 3172 709 3256 ἐπεσκοποῦμεν
730 3179 763 3237 ελ
778 3194 811 3236 τι
835 3171 1041 3256 ἐξαιροῦνταί

51 3274 203 3334 ὅοποθεν
222 3266 256 3330 ἐκ
273 3271 334 3385 τοῦ
353 3265 510 3334 πλοίου
488 3295 509 3354 η
528 3250 854 3356 πεντηκοστεύονται.
882 3266 1048 3355 έπειδηδ’
1132 3348 1141 3365 .

95 3360 214 3448 ἡμέραι
229 3387 265 3429 τε
282 3354 371 3448 ησοιν
387 3367 505 3449 συχναί
521 3370 718 3454 ἐπιδημοῦσι
735 3366 881 3450 τούτοις,
902 3363 1037 3452 ἡμελςύ

97 3459 200 3529 οὐδ’
183 3469 298 3529 οτιοῦν
315 3459 564 3564 εύρίσκομεν’
528 3467 588 3532 ούτ
586 3462 867 3552 ’ἐξηρημένον”
824 3488 901 3532 ουτε
917 3486 1056 3585 πεπενψ.
