2318 3894
102 235 190 301 ,ιτα
258 320 263 329 ,
334 238 424 299 xxu
451 202 866 291 ΔΗΜοΣοεΝουΣ
916 192 920 197 ’

126 423 177 483 χοι
199 395 397 482 προσόμοιος
421 387 469 458 ὦν
484 389 609 477 τούτῳ,
630 384 691 454 τόν
706 387 830 467 πατέρα
847 381 892 464 69
909 384 1075 455 ἀπέκτονα

127 490 432 580 ἐχάτὸνέμαυτοῦ,
454 481 1075 572 καλκατασκενάσαςάσεβείαςμραφὴν

126 591 188 661 οὐκ
204 590 258 660 ἐπ’
275 590 346 677 ἐμὲ,
368 585 442 657 ἀλλ’
461 583 555 654 ἐπὶ
522 611 583 653 τον
592 583 689 652 θείου
698 607 780 668 μου,
801 580 932 668 γραψαρ
943 580 1074 670 ασεβελν

126 693 197 777 ἐμοὶ
224 688 383 756 συνιόντα
410 691 458 764 είς
479 681 580 752 ταύτό
604 679 649 761 69
668 681 861 766 πεποιηκότι
881 689 1004 766 ταῦτα,
1030 687 1074 761 είς

127 786 461 907 άμώνακατέστησεν,
483 779 566 850 όνεί
552 785 697 866 ίσυνέβη
713 779 788 847 τότε
789 776 949 920 ἆλολναι,
973 774 1054 861 τός’
1031 807 1073 848 αν

125 1008 146 1067 η
132 976 295 1065 φίλος
273 1008 293 1067 η
312 981 449 1060 ξένοςί
418 1005 433 1046 ε
448 1006 464 1058 ς
480 976 580 1045 ταύτό
592 1001 654 1045 ποτ
657 974 796 1044 ’ἐλθεῖν
806 928 975 1063 ἠθόλησεν
985 979 1071 1098 6663
1074 1025 1078 1034 -

125 1085 173 1158 τςί
190 1073 259 1145 6⁹¹
237 1105 280 1146 αν
297 1087 386 1146 ελασε
403 1076 498 1154 πόλις
514 1098 580 1143 που
590 1099 657 1162 παρ
660 1071 784 1161 ’ἑαυτῇ
792 1077 953 1159 γενεσθαι
962 1101 1024 1144 τον
1034 1073 1069 1143 το
1108 1150 1113 1163 .

125 1185 236 1245 τοιοῦτ
237 1158 408 1263 ’άσέβημα
419 1180 584 1243 δοκοῦντα
596 1171 787 1257 είρχάσθαι;
799 1168 861 1239 οὐκ
872 1176 964 1240 ἐστιν
974 1169 1071 1241 066-

100 1282 192 1362 3μία.
226 1274 288 1360 ἐγώ
305 1281 421 1342 τοίνυν
436 1282 540 1341 ταῦτα
555 1267 667 1392 μέν’
627 1296 669 1339 ου
680 1268 769 1359 παρά
780 1267 906 1391 μικρὸν
911 1268 1071 1357 άμωνιξό-

126 1401 225 1460 μενος
235 1400 306 1462 παρ·
333 1371 414 1460 ὑμῖν
428 1369 658 1457 άπελυσάμην,
679 1366 755 1438 ἀλλ’
773 1367 855 1437 ὥστε
871 1396 908 1438 το
898 1367 1070 1456 πέμπτον

125 1475 223 1558 μέρος
235 1470 279 1557 66
291 1478 405 1557 λαβεῖν
416 1478 536 1539 τοῦτον
547 1468 764 1554 τοῖνψήφων·
786 1474 907 1536 τοῦτον
923 1468 974 1537 '66
991 1465 1113 1555 656’594

124 1567 220 1654 ὑμῶν
231 1567 428 1685 πειράσομαι
440 1568 493 1633 καί
505 1574 570 1635 νῦν
581 1562 704 1643 παλτόν
720 1564 824 1633 άλλον
839 1563 970 1633 ἅπαντα
986 1564 1071 1653 666·

123 1674 244 1731 νεοθαι
254 1688 384 1748 χρονον
408 1665 462 1730 καλ
473 1665 546 1747 περὶ
558 1665 620 1748 μὲν
629 1669 722 1730 των
709 1667 802 1731 δίων
813 1668 897 1750 ἔχων
907 1663 1070 1735 ἔτιπολλα

123 1762 230 1845 λέγειν
250 1759 352 1827 ἐάσω
374 1761 448 1859 περὶ
470 1759 503 1827 6²
523 1752 583 1827 66
578 1769 693 1828 οἴσετε
710 1759 772 1847 τὴν
789 1771 904 1849 ψῆφον
921 1767 1000 1834 νυνί
1017 1767 1069 1835 καί

122 1860 195 1941 περὶ
207 1848 310 1924 όν
267 1883 363 1936 ουτος
374 1863 513 1947 δημοσία
525 1857 846 1946 πεπολιτευμένος’
808 1887 870 1929 ουκ
881 1858 1006 1947 όλίχα
987 1871 1069 1950 6669

122 1955 315 2042 ἔβλαψεν]
293 1955 783 2045 αμοιπαραλιπελνΕάκτήμων
800 1960 924 2047 ἐδόκει,
935 1965 1068 2049 βέλτιον
1088 1966 1092 1973 ’

122 2050 185 2119 6'
167 2061 253 2139 υμᾶς
265 2052 422 2177 ἀκοῦσαι,
443 2065 547 2124 ταῦτα
559 2059 765 2136 διεξελθείνέ
764 2083 785 2122 ν
800 2060 936 2144 βραχέσι
953 2060 1068 2146 πειρά-

96 2170 230 2240 λσομαι.
262 2151 381 2241 666
306 2181 407 2241 γαρ
424 2182 439 2223 ε
441 2156 564 2242 6666
547 2181 662 2239 εωρων
671 2180 744 2222 τινα
756 2152 985 2244 άπλῆντοάτςο
979 2154 1068 2244 περὶ

122 2278 171 2319 ων
184 2278 303 2338 φευγει
313 2277 396 2339 προς
407 2280 494 2339 υμας
505 2248 612 2322 ουσαν
622 2251 820 2340 απολογίαν,
840 2251 903 2322 οὐκ
923 2250 1068 2337 6966-

121 2350 229 2438 ούμην
246 2357 321 2440 περὶ
338 2351 451 2422 αὐτῶν
466 2361 584 2439 μνείαν
598 2350 763 2449 οὐδεμίαν
796 2361 861 2420 νυν
878 2350 912 2420 6’
924 2352 999 2422 ολόα
1009 2373 1068 2421 σα

107 2458 192 2534 ,φάς
207 2449 258 2517 ότι
275 2443 373 2529 οὗτος
390 2449 520 2518 άπλοῦν
537 2455 598 2536 μὲν
616 2444 692 2519 οὐδε
711 2455 838 2519 δίκαιον
856 2448 991 2520 ουόέν
966 2481 1013 2521 αν
1023 2461 1068 2522 εί-

121 2562 195 2614 πεῖν
213 2554 297 2632 ἔχοι,
320 2552 482 2626 ἐξαπαταν
498 2545 568 2613 6
549 2555 635 2665 6669
652 2549 838 2634 πειράσεται
849 2552 1004 2621 πλάττων
1015 2552 1068 2619 καλ

120 2643 280 2727 παράγων
301 2641 385 2727 πρός
404 2645 526 2710 ἕκαστα
546 2644 676 2713 τούτων
699 2647 909 2733 κακούργους
934 2649 1064 2735 λόγους.

118 2740 235 2807 ἔστι
196 2765 277 2824 γαρ,
292 2769 318 2808 ω
306 2733 465 2828 666669'
461 2751 644 2829 Αθηναῖοι,
655 2753 799 2832 τεχνίτης
808 2773 869 2814 του
857 2751 1000 2833 λέγειν,
1012 2748 1065 2816 καλ

118 2836 226 2903 πάντα
236 2835 296 2905 τόν
307 2845 382 2925 βίον
392 2840 569 2927 ἐσχόλακεν
581 2846 630 2911 ἑνὶ
639 2844 755 2932 τούτῳ.
779 2839 917 2933 ὑπὲρ
874 2872 939 2913 ουν
948 2854 1012 2914 τοῦ
1020 2843 1064 2935 66

118 2935 469 3020 666666066666669‘
449 2948 536 3024 6669
552 2943 686 3010 ἐναντία
702 2946 763 3028 μὲν
783 2958 850 3022 τοῖς
870 2941 1066 3033 666606664

38 3116 41 3122 .
117 3054 189 3111 νοις
210 3043 388 3122 πεισθῆναι
408 3043 634 3124 ψηφίσασθαι,
663 3035 796 3124 άφείναι
824 3041 861 3109 66
880 3050 1005 3112 τοῦτον
1023 3038 1064 3111 ὃν

117 3126 199 3253 6666
209 3136 372 3201 πολλῶν”
353 3159 449 3202 ευεκα
460 3135 554 3216 άξιον
564 3137 712 3222 κολάσαι,
720 3138 942 3260 μροσέχετε
908 3166 968 3208 τον
979 3147 1064 3208 νοῦν

118 3223 167 3322 οἷς
184 3230 332 3315 666,‘'’
286 3258 319 3298 ιν
352 3230 554 3312 ἀκούσαντες
571 3238 653 3321 ἐμοῦ
667 3231 750 3323 πρὸς
766 3237 986 3305 ἕκαστοντῶν
997 3233 1062 3307 ὑπὸ

117 3325 239 3394 τούτου
250 3330 490 3455 ῥηθησομένων
501 3329 594 3417 ἔχηθ’
608 3329 891 3421 ὑπολαμβάνεινᾶ
901 3340 958 3404 δελ.

91 3439 108 3492 5
192 3422 283 3492 Ἔστι
299 3426 363 3514 γάρ
381 3423 431 3525 εἷςι
442 3427 540 3517 μέν“
521 3456 562 3497 ον
579 3440 681 3501 οίεται
697 3442 852 3519 τεχνικῶς
863 3439 950 3521 ἔχειν
971 3431 1062 3523 αὑτῷ
