2318 3894
64 232 117 335 j
172 248 233 312 ιιι
384 252 457 309 xx1.
492 244 919 321 AHMomNoffl
980 266 992 285 κ

171 417 387 496 γεγενῆσθαι,
410 409 465 476 καλ
482 405 534 494 μὴ·
546 407 621 492 περὶ
630 402 694 491 την
704 402 823 499 έορτην
832 402 1019 491 ἀδικήματα
1028 402 1121 474 ταῦτ’

171 507 271 591 εἶναι,
293 509 348 574 καλ
365 503 470 573 πολλά
490 498 533 571 ἀν
550 502 615 588 εἶχέ
628 528 678 581 τις
688 499 792 571 αῦτόν
801 502 1122 589 παραμυθήσασθαι.

172 613 238 673 νῦν
256 604 291 672 δὲ
308 610 406 671 τοῦτο
424 604 482 669 καλ
496 602 632 668 πόντων
641 600 685 667 ἀν
695 625 752 687 μοι
761 600 956 668 δεινότατον
966 602 1122 690 συμβαίη,

111 727 162 780 215
173 709 204 772 εί
219 699 295 786 παρ’
316 697 400 766 αῦτά
416 700 477 784 μὲν
493 697 698 784 τάδικήματα
714 697 822 777 οὕτως’
837 695 978 785 ὀργίλως
997 703 1053 770 καὶ
1070 725 1122 768 ιιι-

166 806 260 884 ·κρῦς
276 799 332 865 καλ
350 805 497 881 χαλεποῖς
523 796 666 875 ἅπαντες
688 802 815 882 ἔχοντες
839 798 1021 881 ἐφαίνεσθε
1042 797 1124 885 ὥστε

41 954 48 960 .
97 951 100 955 .
168 898 407 981 Νεοπτολέμου
417 897 473 962 καλ
483 898 724 981 Μνησαρχίδου
735 895 999 962 καὶΦιλιππίδου
1010 886 1122 965 καίτε-

172 1021 230 1072 νος
239 1002 307 1062 τοῖν
319 993 451 1079 σφόδρα
462 1000 630 1061 πλουσίων
641 991 770 1060 ’τούτων
787 997 953 1079 δεομένων
968 997 1027 1064 καί
1043 999 1121 1084 ἐμοῦ

172 1094 227 1160 καὶ
247 1087 343 1177 ὑμεῖν
365 1093 479 1177 ἐβοᾶτε
496 1087 540 1176 μὴ
558 1088 709 1174 ἀφείυαι,
729 1094 785 1158 καί
803 1092 1054 1177 προσελθόντος
1069 1120 1122 1189 μοι

171 1198 337 1271 Βλεπαίου
357 1199 419 1257 τοῦ
433 1195 625 1275 τραπεζίτου
641 1186 806 1273 τηλικοῦτ’
831 1187 1047 1277 ἀνεκράγετε,
1064 1188 1120 1276 ἀς,

109 1312 162 1367 216
171 1286 263 1364 τοῦτ’
276 1293 399 1373 έκεῖνο,
410 1288 558 1375 χρήματά
569 1313 634 1374 μου
646 1292 851 1376 ληψομένου,
864 1289 949 1358 ὥστε
959 1317 1012 1377 με,
1024 1283 1053 1359 ὦ
1063 1289 1121 1359 ἄν·

172 1387 434 1478 δρεςἈθηναίοι,
443 1390 635 1473 φοβηθέντα
644 1387 706 1454 τόν
715 1385 874 1471 ὑμέτερον
883 1386 1121 1475 θόρυβονθοί-

172 1488 290 1575 μάτιον
307 1489 471 1570 προέσθαι
488 1487 543 1552 καὶ
560 1492 682 1569 μικροῦ
698 1485 827 1570 γυμνόν
839 1488 931 1576 ἐντῷ
940 1494 1120 1577 χιτωνίσκῳ
1138 1530 1141 1535 ·

173 1588 348 1672 γενέσθαι,
378 1583 547 1669 φεύγοντα
570 1584 697 1650 ἐκείνου
718 1584 857 1652 ἕλκοντά
877 1611 933 1672 με,
965 1588 1023 1654 καὶ
1042 1585 1120 1673 μετά

172 1690 277 1751 ταῦτα
288 1681 498 1759 ἀπαντῶντες
509 1677 622 1760 “όπως
638 1683 742 1761 ἐπέξει
752 1690 799 1768 τῷ
809 1690 915 1774 μιαρῷ
926 1687 982 1752 καλ
993 1683 1038 1772 μὴ
1051 1690 1130 1754 δια·’

170 1779 299 1848 “λόσει’
320 1781 504 1848 θεάσονταί
517 1800 554 1847 σε
571 1786 606 1847 τί
618 1781 766 1866 ποιήσεις
780 1779 964 1868 Ἁδηναίοι”
986 1791 1121 1852 τοιαῦτα

173 1883 339 1964 λέγοντες·
360 1877 470 1967 ἐπειδὴ
483 1879 519 1948 δὲ
528 1879 790 1967 κεχειροτόνηται
801 1881 862 1966 μὲν
872 1877 968 1968 ὕβρις
979 1879 1016 1949 τό
1036 1890 1120 1968 πρό-

67 2050 72 2057 ,
171 2003 238 2062 γμα
255 1977 354 2064 εἶναι,
377 1982 413 2045 έν
432 1982 509 2068 ἱερῷ
526 1975 558 2045 δ’
570 1980 605 2045 όί
612 1985 715 2045 ταῦτα
727 1985 895 2063 κρίνοντες
905 1979 1121 2066 καθεζόμενοι

172 2080 372 2163 διέγνωσαν,
396 2080 540 2162 διέμεινα
560 2074 592 2144 δ’
615 2075 679 2163 έγάι
700 2079 755 2144 καὶ
776 2073 818 2143 οῦ
840 2074 1022 2162 προῦδωιια
1040 2076 1117 2146 οὔθ’

165 2173 258 2265 ,ὑμᾶς
279 2174 351 2244 οὔτ’
374 2173 534 2262 ἐμαυτόν,
555 2172 724 2263 τηνικαῦτ’
747 2173 995 2260 ἀποψηφιεῖσθε
1017 2174 1117 2263 ὑμεῖς.

108 2294 160 2351 917
170 2271 341 2365 μηδαμῶς·
360 2276 473 2344 πάντα
490 2273 613 2362 γάρτά
630 2284 780 2359 αίσχιστα
796 2274 924 2341 ἔνεστιν
932 2275 969 2341 έν
979 2281 1027 2361 τῷ
1037 2275 1121 2361 πρό-
1146 2294 1152 2331 2

170 2403 277 2461 γματι.
311 2378 375 2462 είμλ
394 2373 427 2443 δ’
440 2373 481 2443 οό
492 2374 621 2442 τούτων
631 2371 712 2458 ὑμῖν
722 2372 812 2451 ἀξιος
822 2379 905 2460 (ποῦς
915 2369 996 2458 γάρ,
1021 2366 1051 2441 ἀ
1061 2371 1120 2442 ἄν·

171 2473 459 2559 δρεςἈθηναίοα)
482 2479 607 2555 κρίνων
623 2469 807 2555 ἀνθρωπον
823 2473 878 2539 καὶ
889 2476 1058 2540 δοκοῦντα
1068 2474 1121 2541 καὶ

171 2570 251 2637 ὄντα
261 2578 371 2657 βίαιον
382 2571 437 2637 καὶ
447 2567 618 2654 ὑβριστὴν,
629 2565 839 2654 ἡμαρτηκότα
849 2567 996 2654 ἀσελγῶς
1008 2573 1049 2638 έν
1057 2594 1120 2638 πα-

169 2667 324 2751 νηγύρει,
346 2665 516 2752 μάρτυρας
531 2673 590 2750 τῆς
600 2663 730 2753 ὕβρεως
741 2675 798 2754 τῆς
808 2669 930 2736 ἑαυτοῦ
939 2672 1120 2757 πεποιημέ-

170 2790 231 2831 νον
253 2762 295 2831 οῦ
316 2764 422 2851 μόνον
443 2760 547 2849 ὑμᾶς,
573 2761 658 2831 ἀλλά
679 2768 734 2834 καί
754 2767 833 2845 τοῦς
855 2766 1120 2854 ἐπιδημήσαντας

167 2861 316 2942 ἅπαντας
331 2871 400 2930 νῦν
414 2859 587 2947 Ἑλλήνων.
622 2862 768 2950 ἤκουσεν
784 2861 802 2931 ὁ
821 2868 923 2950 δῆμος
932 2862 974 2933 τά
991 2889 1120 2951 πεπρα-
1136 2870 1139 2882 “

152 2966 273 3048 «γμένα
283 2960 399 3048 τούτῳ.
421 2966 456 3027 τί
463 2952 542 3040 οὖας
554 2960 634 3051 ὑμῖν
644 2963 959 3049 καταχειροτονήσας
969 2966 1119 3053 παρέδω-

107 3081 160 3136 218
169 3085 237 3130 κεν.
270 3057 312 3126 οῦ
328 3063 444 3127 τοίνυν
456 3054 530 3128 οἷόν
539 3086 574 3128 τε
585 3062 700 3148 ἀφανῆ
709 3058 770 3147 την
781 3069 908 3146 γνοῦσιν
918 3060 1016 3147 ὑμῶν
1025 3066 1120 3148 γενό-

169 3167 267 3244 σθαι,
287 3154 365 3225 οῦδὲ
375 3164 513 3244 λαθεῖν,
531 3156 604 3227 οὐδ’
618 3158 833 3239 ἀνεξέταστον
844 3158 927 3227 εἶναι
936 3168 970 3228 τί
980 3159 1064 3230 ποθ’
1077 3158 1120 3240 ὥς

134 3270 138 3277 “
168 3252 256 3341 ὑμᾶς
272 3263 335 3323 τοῦ
351 3256 543 3344 πράγματος
562 3257 719 3336 έλθόντος
735 3262 873 3344 ἔγνωτε·
894 3256 968 3327 ἀλλ’
988 3259 1119 3346 ε’ἀνμλν

169 3352 349 3441 κολάσητε,
371 3356 481 3436 δόξετε
503 3353 674 3440 σώφρονες
691 3355 775 3424 εἶναι
791 3361 846 3426 καί
862 3361 958 3427 καλοί
974 3357 1119 3445 κάγαθοί

170 3455 225 3521 καλ
235 3451 527 3549 μισοπόνηροι,ἀν
537 3453 570 3523 δ’
582 3452 704 3544 ἀφῆτε,
728 3454 833 3525 ἀλλον
843 3453 934 3537 τινός
943 3453 1131 3545 η’ττῆσθαι.·
