<?xml version="1.0" encoding="UTF-8"?>
<!DOCTYPE html PUBLIC "-//W3C//DTD XHTML 1.0 Transitional//EN"
    "http://www.w3.org/TR/xhtml1/DTD/xhtml1-transitional.dtd">
<html xmlns="http://www.w3.org/1999/xhtml" xml:lang="en" lang="en">
 <head>
  <title>
</title>
<meta http-equiv="Content-Type" content="text/html;charset=utf-8" />
  <meta name='ocr-system' content='tesseract 3.04.00' />
  <meta name='ocr-capabilities' content='ocr_page ocr_carea ocr_par ocr_line ocrx_word'/>
</head>
<body>
  <div class='ocr_page' id='page_1' title='image "./orationesexrece00demogoog_0272.png"; bbox 0 0 2318 3894; ppageno 0'>
   <div class='ocr_carea' id='block_1_1' title="bbox 248 210 1110 342">
    <p class='ocr_par' dir='ltr' id='par_1_1' title="bbox 248 210 1110 342">
     <span class='ocr_line' id='line_1_1' title="bbox 248 210 1110 342; baseline 0.001 -43"><span class='ocrx_word' id='word_1_1' title='bbox 248 235 394 300; x_wconf 72' lang='grc' dir='ltr'><em>ΚΑΤΑ</em></span> <span class='ocrx_word' id='word_1_2' title='bbox 430 210 824 323; x_wconf 61' lang='lat' dir='ltr'><strong><em>memsam.</em></strong></span> <span class='ocrx_word' id='word_1_3' title='bbox 882 333 887 342; x_wconf 74' lang='lat'>.</span> <span class='ocrx_word' id='word_1_4' title='bbox 944 234 1006 300; x_wconf 77' lang='grc' dir='ltr'><strong><em>εστ</em></strong></span> <span class='ocrx_word' id='word_1_5' title='bbox 1104 217 1110 228; x_wconf 90' lang='grc'><strong>’</strong></span> 
     </span>
    </p>
   </div>
   <div class='ocr_carea' id='block_1_2' title="bbox 10 390 1070 1656">
    <p class='ocr_par' dir='ltr' id='par_1_2' title="bbox 13 390 1070 1656">
     <span class='ocr_line' id='line_1_2' title="bbox 55 390 1009 485; baseline -0.006 -17"><span class='ocrx_word' id='word_1_6' title='bbox 55 402 93 468; x_wconf 80' lang='grc' dir='ltr'><strong><em>έν</em></strong></span> <span class='ocrx_word' id='word_1_7' title='bbox 103 395 182 485; x_wconf 78' lang='grc' dir='ltr'><strong><em>ὑμίν</em></strong></span> <span class='ocrx_word' id='word_1_8' title='bbox 192 394 284 466; x_wconf 84' lang='grc' dir='ltr'><strong><em>δεινά</em></strong></span> <span class='ocrx_word' id='word_1_9' title='bbox 294 399 350 465; x_wconf 78' lang='grc' dir='ltr'><strong><em>καί</em></strong></span> <span class='ocrx_word' id='word_1_10' title='bbox 361 395 553 482; x_wconf 83' lang='grc' dir='ltr'><strong><em>παράνομα,</em></strong></span> <span class='ocrx_word' id='word_1_11' title='bbox 576 391 621 462; x_wconf 91' lang='grc' dir='ltr'><strong><em>δι’</em></strong></span> <span class='ocrx_word' id='word_1_12' title='bbox 633 390 682 463; x_wconf 75' lang='grc' dir='ltr'><strong><em>ὦν</em></strong></span> <span class='ocrx_word' id='word_1_13' title='bbox 692 394 886 483; x_wconf 75' lang='grc' dir='ltr'><em>ἠργολάβει,</em></span> <span class='ocrx_word' id='word_1_14' title='bbox 903 416 1009 480; x_wconf 88' lang='grc' dir='ltr'><strong><em>προσ-</em></strong></span> 
     </span>
     <span class='ocr_line' id='line_1_3' title="bbox 10 487 1008 615; baseline -0.002 -50.994"><span class='ocrx_word' id='word_1_15' title='bbox 10 506 180 584; x_wconf 70' lang='grc' dir='ltr'><strong><em>θθαγωγεί</em></strong></span> <span class='ocrx_word' id='word_1_16' title='bbox 197 496 303 585; x_wconf 79' lang='grc' dir='ltr'><strong><em>τούτῳ</em></strong></span> <span class='ocrx_word' id='word_1_17' title='bbox 325 495 494 581; x_wconf 71' lang='grc' dir='ltr'><strong><em>χρώμενος</em></strong></span> <span class='ocrx_word' id='word_1_18' title='bbox 515 500 584 561; x_wconf 76' lang='grc' dir='ltr'><strong><em>τῶν</em></strong></span> <span class='ocrx_word' id='word_1_19' title='bbox 607 496 794 615; x_wconf 79' lang='grc' dir='ltr'><em>λημμάτων.</em></span> <span class='ocrx_word' id='word_1_20' title='bbox 826 499 881 562; x_wconf 80' lang='grc' dir='ltr'><strong><em>καὶ</em></strong></span> <span class='ocrx_word' id='word_1_21' title='bbox 903 487 1008 571; x_wconf 85' lang='grc' dir='ltr'><strong><em>πόλλά</em></strong></span> 
     </span>
     <span class='ocr_line' id='line_1_4' title="bbox 56 589 1009 679; baseline -0.003 -16"><span class='ocrx_word' id='word_1_22' title='bbox 56 603 124 664; x_wconf 80' lang='grc' dir='ltr'><strong><em>τείν</em></strong></span> <span class='ocrx_word' id='word_1_23' title='bbox 141 592 310 679; x_wconf 81' lang='grc' dir='ltr'><strong><em>ὑμετέρων</em></strong></span> <span class='ocrx_word' id='word_1_24' title='bbox 326 595 468 678; x_wconf 82' lang='grc' dir='ltr'><strong><em>κέκλοφε</em></strong></span> <span class='ocrx_word' id='word_1_25' title='bbox 485 589 566 677; x_wconf 87' lang='grc' dir='ltr'><strong><em>μετά</em></strong></span> <span class='ocrx_word' id='word_1_26' title='bbox 577 593 710 678; x_wconf 88' lang='grc' dir='ltr'><strong><em>τούτου,</em></strong></span> <span class='ocrx_word' id='word_1_27' title='bbox 721 593 852 678; x_wconf 77' lang='grc' dir='ltr'><strong><em>γράψας</em></strong></span> <span class='ocrx_word' id='word_1_28' title='bbox 862 593 940 670; x_wconf 83' lang='grc' dir='ltr'><strong><em>τούς</em></strong></span> <span class='ocrx_word' id='word_1_29' title='bbox 952 594 1009 662; x_wconf 79' lang='grc' dir='ltr'><strong><em>έν-</em></strong></span> 
     </span>
     <span class='ocr_line' id='line_1_5' title="bbox 58 687 1010 791; baseline -0.006 -29"><span class='ocrx_word' id='word_1_30' title='bbox 58 698 136 762; x_wconf 89' lang='grc' dir='ltr'><strong><em>δεκα</em></strong></span> <span class='ocrx_word' id='word_1_31' title='bbox 152 694 208 760; x_wconf 77' lang='grc' dir='ltr'><strong><em>καί</em></strong></span> <span class='ocrx_word' id='word_1_32' title='bbox 224 688 303 769; x_wconf 82' lang='grc' dir='ltr'><strong><em>τούς</em></strong></span> <span class='ocrx_word' id='word_1_33' title='bbox 320 687 517 779; x_wconf 77' lang='grc' dir='ltr'><strong><em>ἀποδέκτας</em></strong></span> <span class='ocrx_word' id='word_1_34' title='bbox 518 688 667 768; x_wconf 77' lang='grc' dir='ltr'><strong><em>καὶτοὺς</em></strong></span> <span class='ocrx_word' id='word_1_35' title='bbox 684 689 849 791; x_wconf 74' lang='grc' dir='ltr'><strong><em>ὑπηρέτας</em></strong></span> <span class='ocrx_word' id='word_1_36' title='bbox 865 688 1010 758; x_wconf 84' lang='grc' dir='ltr'><strong><em>ἀκολου-</em></strong></span> 
     </span>
     <span class='ocr_line' id='line_1_6' title="bbox 57 776 1010 875; baseline -0.002 -17"><span class='ocrx_word' id='word_1_37' title='bbox 57 800 133 858; x_wconf 82' lang='grc' dir='ltr'><strong><em>θείν</em></strong></span> <span class='ocrx_word' id='word_1_38' title='bbox 150 786 227 875; x_wconf 86' lang='grc' dir='ltr'><strong><em>μεθ’</em></strong></span> <span class='ocrx_word' id='word_1_39' title='bbox 241 785 357 856; x_wconf 81' lang='grc' dir='ltr'><strong><em>αύτοΰ</em></strong></span> <span class='ocrx_word' id='word_1_40' title='bbox 389 786 449 855; x_wconf 76' lang='grc' dir='ltr'><strong><em>εἶτ’.</em></strong></span> <span class='ocrx_word' id='word_1_41' title='bbox 461 792 544 872; x_wconf 83' lang='grc' dir='ltr'><strong><em>ἔχων</em></strong></span> <span class='ocrx_word' id='word_1_42' title='bbox 555 812 695 867; x_wconf 86' lang='grc' dir='ltr'><strong><em>τοντονς</em></strong></span> <span class='ocrx_word' id='word_1_43' title='bbox 705 814 787 874; x_wconf 87' lang='grc' dir='ltr'><strong><em>ηγεν</em></strong></span> <span class='ocrx_word' id='word_1_44' title='bbox 792 776 894 856; x_wconf 76' lang='grc' dir='ltr'><strong><em>ἐπί</em></strong></span> <span class='ocrx_word' id='word_1_45' title='bbox 859 812 1010 874; x_wconf 84' lang='grc' dir='ltr'><strong><em>ταςνμε</em></strong></span> 
     </span>
     <span class='ocr_line' id='line_1_7' title="bbox 59 878 1009 1009; baseline -0.006 -52"><span class='ocrx_word' id='word_1_46' title='bbox 59 893 197 1009; x_wconf 79' lang='grc' dir='ltr'><strong><em>τέραςοί</em></strong></span> <span class='ocrx_word' id='word_1_47' title='bbox 195 893 284 972; x_wconf 85' lang='grc' dir='ltr'><strong><em>κίας,</em></strong></span> <span class='ocrx_word' id='word_1_48' title='bbox 306 884 432 971; x_wconf 82' lang='grc' dir='ltr'><strong><em>καλσύ,</em></strong></span> <span class='ocrx_word' id='word_1_49' title='bbox 456 911 483 952; x_wconf 88' lang='grc' dir='ltr'><strong><em>ω</em></strong></span> <span class='ocrx_word' id='word_1_50' title='bbox 472 878 714 971; x_wconf 80' lang='grc' dir='ltr'><strong><em>Τιμόκρατες,</em></strong></span> <span class='ocrx_word' id='word_1_51' title='bbox 736 886 1009 971; x_wconf 77' lang='grc' dir='ltr'><strong><em>συνηκολούθεις,</em></strong></span> 
     </span>
     <span class='ocr_line' id='line_1_8' title="bbox 60 981 1011 1072; baseline -0.002 -18"><span class='ocrx_word' id='word_1_52' title='bbox 60 1010 161 1072; x_wconf 87' lang='grc' dir='ltr'><strong><em>μονος</em></strong></span> <span class='ocrx_word' id='word_1_53' title='bbox 171 1011 240 1052; x_wconf 91' lang='grc' dir='ltr'><strong><em>των</em></strong></span> <span class='ocrx_word' id='word_1_54' title='bbox 249 982 486 1067; x_wconf 83' lang='grc' dir='ltr'><strong><em>σύναρχοντων</em></strong></span> <span class='ocrx_word' id='word_1_55' title='bbox 497 981 607 1050; x_wconf 85' lang='grc' dir='ltr'><strong><em>δεκα</em></strong></span> <span class='ocrx_word' id='word_1_56' title='bbox 587 1008 703 1050; x_wconf 84' lang='grc' dir='ltr'><strong><em>οντων</em></strong></span> <span class='ocrx_word' id='word_1_57' title='bbox 738 985 793 1051; x_wconf 84' lang='grc' dir='ltr'><strong><em>καὶ</em></strong></span> <span class='ocrx_word' id='word_1_58' title='bbox 802 981 943 1069; x_wconf 81' lang='grc' dir='ltr'><strong><em>μηδεὶς</em></strong></span> <span class='ocrx_word' id='word_1_59' title='bbox 923 1007 1011 1052; x_wconf 58' lang='grc' dir='ltr'><strong><em>νποτ</em></strong></span> 
     </span>
     <span class='ocr_line' id='line_1_9' title="bbox 61 1077 1070 1169; baseline -0.004 -19"><span class='ocrx_word' id='word_1_60' title='bbox 61 1085 252 1169; x_wconf 82' lang='grc' dir='ltr'><strong><em>λαμβανέτω</em></strong></span> <span class='ocrx_word' id='word_1_61' title='bbox 279 1107 321 1167; x_wconf 88' lang='grc' dir='ltr'><strong><em>με</em></strong></span> <span class='ocrx_word' id='word_1_62' title='bbox 348 1077 501 1164; x_wconf 64' lang='grc' dir='ltr'><strong><em>λέγειν’</em></strong></span> <span class='ocrx_word' id='word_1_63' title='bbox 477 1106 522 1158; x_wconf 81' lang='grc' dir='ltr'><strong><em>τες</em></strong></span> <span class='ocrx_word' id='word_1_64' title='bbox 542 1078 584 1147; x_wconf 84' lang='grc' dir='ltr'><strong><em>ού</em></strong></span> <span class='ocrx_word' id='word_1_65' title='bbox 605 1087 687 1166; x_wconf 94' lang='grc' dir='ltr'><strong><em>χρῆν</em></strong></span> <span class='ocrx_word' id='word_1_66' title='bbox 709 1079 913 1165; x_wconf 78' lang='grc' dir='ltr'><strong><em>εἰσπράττειν</em></strong></span> <span class='ocrx_word' id='word_1_67' title='bbox 933 1106 1011 1160; x_wconf 89' lang='grc' dir='ltr'><strong><em>τους</em></strong></span> <span class='ocrx_word' id='word_1_68' title='bbox 1020 1092 1070 1148; x_wconf 78' lang='lat'><strong><em>751</em></strong></span> 
     </span>
     <span class='ocr_line' id='line_1_10' title="bbox 62 1174 1012 1263; baseline 0 -17"><span class='ocrx_word' id='word_1_69' title='bbox 62 1178 262 1262; x_wconf 81' lang='grc' dir='ltr'><strong><em>ὀφείλοντας.</em></strong></span> <span class='ocrx_word' id='word_1_70' title='bbox 297 1185 381 1262; x_wconf 91' lang='grc' dir='ltr'><strong><em>χρῆν</em></strong></span> <span class='ocrx_word' id='word_1_71' title='bbox 396 1175 471 1261; x_wconf 86' lang='grc' dir='ltr'><strong><em>γάρ.</em></strong></span> <span class='ocrx_word' id='word_1_72' title='bbox 503 1174 586 1244; x_wconf 85' lang='grc' dir='ltr'><strong><em>ἀλλά</em></strong></span> <span class='ocrx_word' id='word_1_73' title='bbox 606 1185 693 1256; x_wconf 73' lang='grc' dir='ltr'><strong><em>πολςς</em></strong></span> <span class='ocrx_word' id='word_1_74' title='bbox 713 1176 758 1256; x_wconf 76' lang='grc' dir='ltr'><strong><em>ὥς</em></strong></span> <span class='ocrx_word' id='word_1_75' title='bbox 778 1176 914 1263; x_wconf 84' lang='grc' dir='ltr'><strong><em>ὁνόμος</em></strong></span> <span class='ocrx_word' id='word_1_76' title='bbox 930 1176 1012 1263; x_wconf 90' lang='grc' dir='ltr'><strong><em>ἀγο-</em></strong></span> 
     </span>
     <span class='ocr_line' id='line_1_11' title="bbox 63 1272 1011 1362; baseline 0.003 -20"><span class='ocrx_word' id='word_1_77' title='bbox 63 1277 169 1360; x_wconf 87' lang='grc' dir='ltr'><strong><em>ρεύει,</em></strong></span> <span class='ocrx_word' id='word_1_78' title='bbox 190 1301 259 1342; x_wconf 87' lang='grc' dir='ltr'><strong><em>των</em></strong></span> <span class='ocrx_word' id='word_1_79' title='bbox 274 1272 421 1341; x_wconf 77' lang='grc' dir='ltr'><strong><em>ἀλλων”</em></strong></span> <span class='ocrx_word' id='word_1_80' title='bbox 401 1299 513 1342; x_wconf 87' lang='grc' dir='ltr'><strong><em>ενεκα·</em></strong></span> <span class='ocrx_word' id='word_1_81' title='bbox 534 1284 633 1344; x_wconf 84' lang='grc' dir='ltr'><strong><em>τοῦτο</em></strong></span> <span class='ocrx_word' id='word_1_82' title='bbox 650 1277 714 1360; x_wconf 82' lang='grc' dir='ltr'><strong><em>γάρ</em></strong></span> <span class='ocrx_word' id='word_1_83' title='bbox 731 1279 800 1344; x_wconf 85' lang='grc' dir='ltr'><strong><em>έστι</em></strong></span> <span class='ocrx_word' id='word_1_84' title='bbox 822 1278 1011 1362; x_wconf 81' lang='grc' dir='ltr'><strong><em>δημοτικόν.</em></strong></span> 
     </span>
     <span class='ocr_line' id='line_1_12' title="bbox 33 1364 1013 1460; baseline 0.001 -19"><span class='ocrx_word' id='word_1_85' title='bbox 33 1406 35 1411; x_wconf 52' lang='lat'><strong>⁴</strong></span> <span class='ocrx_word' id='word_1_86' title='bbox 61 1372 103 1441; x_wconf 83' lang='grc' dir='ltr'><strong><em>οὐ</em></strong></span> <span class='ocrx_word' id='word_1_87' title='bbox 113 1372 178 1458; x_wconf 86' lang='grc' dir='ltr'><strong><em>γάρ</em></strong></span> <span class='ocrx_word' id='word_1_88' title='bbox 189 1381 366 1458; x_wconf 81' lang='grc' dir='ltr'><strong><em>τοσούτου,</em></strong></span> <span class='ocrx_word' id='word_1_89' title='bbox 380 1399 405 1440; x_wconf 87' lang='grc' dir='ltr'><strong><em>ω</em></strong></span> <span class='ocrx_word' id='word_1_90' title='bbox 394 1364 551 1456; x_wconf 82' lang='grc' dir='ltr'><strong><em>ἀνδρες’</em></strong></span> <span class='ocrx_word' id='word_1_91' title='bbox 547 1382 722 1460; x_wconf 73' lang='grc' dir='ltr'><strong><em>Αθηναῖοι,</em></strong></span> <span class='ocrx_word' id='word_1_92' title='bbox 734 1377 830 1442; x_wconf 80' lang='grc' dir='ltr'><strong><em>πέντε</em></strong></span> <span class='ocrx_word' id='word_1_93' title='bbox 840 1375 1013 1442; x_wconf 77' lang='grc' dir='ltr'><strong><em>ταλάντων</em></strong></span> 
     </span>
     <span class='ocr_line' id='line_1_13' title="bbox 62 1463 1011 1557; baseline 0.001 -20"><span class='ocrx_word' id='word_1_94' title='bbox 62 1470 157 1557; x_wconf 79' lang='grc' dir='ltr'><strong><em>ύμῖν,</em></strong></span> <span class='ocrx_word' id='word_1_95' title='bbox 170 1463 220 1538; x_wconf 72' lang='grc' dir='ltr'><strong><em>ὧν</em></strong></span> <span class='ocrx_word' id='word_1_96' title='bbox 231 1463 325 1540; x_wconf 78' lang='grc' dir='ltr'><strong><em>οὗτοι</em></strong></span> <span class='ocrx_word' id='word_1_97' title='bbox 334 1468 406 1538; x_wconf 84' lang='grc' dir='ltr'><strong><em>τότ’</em></strong></span> <span class='ocrx_word' id='word_1_98' title='bbox 417 1473 628 1556; x_wconf 72' lang='grc' dir='ltr'><strong><em>εἰσέπραξαν,</em></strong></span> <span class='ocrx_word' id='word_1_99' title='bbox 647 1476 814 1546; x_wconf 85' lang='grc' dir='ltr'><strong><em>τεθέντων</em></strong></span> <span class='ocrx_word' id='word_1_100' title='bbox 826 1470 1011 1557; x_wconf 79' lang='grc' dir='ltr'><strong><em>ἀφέλησθε,</em></strong></span> 
     </span>
     <span class='ocr_line' id='line_1_14' title="bbox 61 1567 1013 1656; baseline 0 -20"><span class='ocrx_word' id='word_1_101' title='bbox 61 1568 144 1636; x_wconf 84' lang='grc' dir='ltr'><strong><em>ὅσον</em></strong></span> <span class='ocrx_word' id='word_1_102' title='bbox 160 1570 333 1654; x_wconf 72' lang='grc' dir='ltr'><strong><em>βέβλαφθε</em></strong></span> <span class='ocrx_word' id='word_1_103' title='bbox 344 1567 506 1636; x_wconf 80' lang='grc' dir='ltr'><strong><em>τοιούτων</em></strong></span> <span class='ocrx_word' id='word_1_104' title='bbox 516 1573 607 1637; x_wconf 78' lang='grc' dir='ltr'><strong><em>έθεόν</em></strong></span> <span class='ocrx_word' id='word_1_105' title='bbox 617 1574 664 1648; x_wconf 85' lang='grc' dir='ltr'><strong><em>είς</em></strong></span> <span class='ocrx_word' id='word_1_106' title='bbox 671 1569 733 1656; x_wconf 85' lang='grc' dir='ltr'><strong><em>τῆν</em></strong></span> <span class='ocrx_word' id='word_1_107' title='bbox 742 1576 911 1638; x_wconf 85' lang='grc' dir='ltr'><strong><em>πολιτείαν</em></strong></span> <span class='ocrx_word' id='word_1_108' title='bbox 922 1576 1013 1637; x_wconf 83' lang='grc' dir='ltr'><strong><em>είσα-</em></strong></span> 
     </span>
    </p>
   </div>
   <div class='ocr_carea' id='block_1_3' title="bbox 10 1663 1124 1754">
    <p class='ocr_par' dir='ltr' id='par_1_3' title="bbox 10 1663 1124 1754">
     <span class='ocr_line' id='line_1_15' title="bbox 10 1663 1124 1754; baseline -0.004 -14"><span class='ocrx_word' id='word_1_109' title='bbox 10 1669 219 1754; x_wconf 65' lang='grc' dir='ltr'><strong><em>λοδγομένων.</em></strong></span> <span class='ocrx_word' id='word_1_110' title='bbox 238 1674 271 1735; x_wconf 87' lang='grc' dir='ltr'><strong><em>εί</em></strong></span> <span class='ocrx_word' id='word_1_111' title='bbox 279 1668 344 1752; x_wconf 75' lang='grc' dir='ltr'><strong><em>γὰρ</em></strong></span> <span class='ocrx_word' id='word_1_112' title='bbox 356 1663 495 1735; x_wconf 77' lang='grc' dir='ltr'><strong><em>ἐθέλοιτ’</em></strong></span> <span class='ocrx_word' id='word_1_113' title='bbox 508 1667 655 1748; x_wconf 73' lang='grc' dir='ltr'><strong><em>ἐξετάσαι</em></strong></span> <span class='ocrx_word' id='word_1_114' title='bbox 671 1676 761 1747; x_wconf 84' lang='grc' dir='ltr'><strong><em>τίνος</em></strong></span> <span class='ocrx_word' id='word_1_115' title='bbox 776 1670 874 1736; x_wconf 73' lang='grc' dir='ltr'><strong><em>ἕνεκα</em></strong></span> <span class='ocrx_word' id='word_1_116' title='bbox 883 1675 1013 1754; x_wconf 79' lang='grc' dir='ltr'><strong><em>μᾶλλον</em></strong></span> <span class='ocrx_word' id='word_1_117' title='bbox 1103 1720 1124 1746; x_wconf 76' lang='grc'><strong><em>,</em></strong></span> 
     </span>
    </p>
   </div>
   <div class='ocr_carea' id='block_1_4' title="bbox 61 1760 1101 2337">
    <p class='ocr_par' dir='ltr' id='par_1_4' title="bbox 61 1760 1101 2337">
     <span class='ocr_line' id='line_1_16' title="bbox 62 1760 1010 1854; baseline 0.004 -24"><span class='ocrx_word' id='word_1_118' title='bbox 62 1765 104 1831; x_wconf 83' lang='grc' dir='ltr'><strong><em>ἀν</em></strong></span> <span class='ocrx_word' id='word_1_119' title='bbox 113 1790 160 1841; x_wconf 93' lang='grc' dir='ltr'><strong><em>τις</em></strong></span> <span class='ocrx_word' id='word_1_120' title='bbox 171 1765 276 1833; x_wconf 80' lang='grc' dir='ltr'><strong><em>ἕλοιτο</em></strong></span> <span class='ocrx_word' id='word_1_121' title='bbox 289 1766 324 1830; x_wconf 76' lang='grc' dir='ltr'><strong><em>έν</em></strong></span> <span class='ocrx_word' id='word_1_122' title='bbox 336 1767 537 1853; x_wconf 74' lang='grc' dir='ltr'><strong><em>δημοκρατία</em></strong></span> <span class='ocrx_word' id='word_1_123' title='bbox 548 1760 640 1852; x_wconf 73' lang='grc' dir='ltr'><strong><em>ζῆνῆ</em></strong></span> <span class='ocrx_word' id='word_1_124' title='bbox 656 1769 693 1834; x_wconf 84' lang='grc' dir='ltr'><strong><em>έν</em></strong></span> <span class='ocrx_word' id='word_1_125' title='bbox 711 1763 899 1854; x_wconf 77' lang='grc' dir='ltr'><strong><em>ὀλιγαρχία,</em></strong></span> <span class='ocrx_word' id='word_1_126' title='bbox 919 1773 1010 1834; x_wconf 71' lang='grc' dir='ltr'><strong><em>τοῦτ’</em></strong></span> 
     </span>
     <span class='ocr_line' id='line_1_17' title="bbox 62 1858 1101 1951; baseline 0.004 -23"><span class='ocrx_word' id='word_1_127' title='bbox 62 1858 105 1928; x_wconf 83' lang='grc' dir='ltr'><strong><em>ἀν</em></strong></span> <span class='ocrx_word' id='word_1_128' title='bbox 122 1858 249 1944; x_wconf 75' lang='grc' dir='ltr'><strong><em>εὕροιτε</em></strong></span> <span class='ocrx_word' id='word_1_129' title='bbox 267 1863 537 1946; x_wconf 81' lang='grc' dir='ltr'><strong><em>προχειρότατον,</em></strong></span> <span class='ocrx_word' id='word_1_130' title='bbox 559 1863 610 1931; x_wconf 84' lang='grc' dir='ltr'><strong><em>ὅτι</em></strong></span> <span class='ocrx_word' id='word_1_131' title='bbox 626 1864 735 1934; x_wconf 77' lang='grc' dir='ltr'><strong><em>πάντα</em></strong></span> <span class='ocrx_word' id='word_1_132' title='bbox 745 1865 913 1951; x_wconf 83' lang='grc' dir='ltr'><strong><em>πραότερά</em></strong></span> <span class='ocrx_word' id='word_1_133' title='bbox 924 1868 1013 1932; x_wconf 79' lang='grc' dir='ltr'><strong><em>ἐστιν</em></strong></span> <span class='ocrx_word' id='word_1_134' title='bbox 1096 1881 1101 1894; x_wconf 89' lang='grc'><strong>’</strong></span> 
     </span>
     <span class='ocr_line' id='line_1_18' title="bbox 62 1958 1013 2048; baseline 0.004 -24"><span class='ocrx_word' id='word_1_135' title='bbox 62 1962 100 2025; x_wconf 80' lang='grc' dir='ltr'><strong><em>ἐν</em></strong></span> <span class='ocrx_word' id='word_1_136' title='bbox 110 1961 321 2044; x_wconf 79' lang='grc' dir='ltr'><strong><em>δημοκρατία.</em></strong></span> <span class='ocrx_word' id='word_1_137' title='bbox 341 1958 391 2025; x_wconf 83' lang='grc' dir='ltr'><strong><em>ὅτι</em></strong></span> <span class='ocrx_word' id='word_1_138' title='bbox 402 1958 463 2044; x_wconf 62' lang='grc' dir='ltr'><strong><em>μέν</em></strong></span> <span class='ocrx_word' id='word_1_139' title='bbox 473 1968 590 2028; x_wconf 79' lang='grc' dir='ltr'><strong><em>τοίνυν</em></strong></span> <span class='ocrx_word' id='word_1_140' title='bbox 599 1969 656 2047; x_wconf 85' lang='grc' dir='ltr'><strong><em>τῆς</em></strong></span> <span class='ocrx_word' id='word_1_141' title='bbox 666 1961 753 2030; x_wconf 80' lang='grc' dir='ltr'><strong><em>ὅπου</em></strong></span> <span class='ocrx_word' id='word_1_142' title='bbox 765 1963 931 2048; x_wconf 84' lang='grc' dir='ltr'><strong><em>βούλεσθε</em></strong></span> <span class='ocrx_word' id='word_1_143' title='bbox 942 1959 1013 2030; x_wconf 83' lang='grc' dir='ltr'><strong><em>ὄλι-</em></strong></span> 
     </span>
     <span class='ocr_line' id='line_1_19' title="bbox 61 2049 1013 2142; baseline 0.003 -20"><span class='ocrx_word' id='word_1_144' title='bbox 61 2063 195 2141; x_wconf 88' lang='grc' dir='ltr'><strong><em>γαρχίας</em></strong></span> <span class='ocrx_word' id='word_1_145' title='bbox 213 2063 324 2142; x_wconf 78' lang='grc' dir='ltr'><strong><em>πολλῷ</em></strong></span> <span class='ocrx_word' id='word_1_146' title='bbox 337 2053 553 2140; x_wconf 76' lang='grc' dir='ltr'><strong><em>ἀσελγέστερα</em></strong></span> <span class='ocrx_word' id='word_1_147' title='bbox 564 2061 618 2126; x_wconf 81' lang='grc' dir='ltr'><strong><em>καί</em></strong></span> <span class='ocrx_word' id='word_1_148' title='bbox 628 2059 796 2141; x_wconf 81' lang='grc' dir='ltr'><strong><em>δεινότερα</em></strong></span> <span class='ocrx_word' id='word_1_149' title='bbox 807 2064 942 2128; x_wconf 75' lang='grc' dir='ltr'><strong><em>ἐποίουν</em></strong></span> <span class='ocrx_word' id='word_1_150' title='bbox 951 2049 1013 2126; x_wconf 81' lang='grc' dir='ltr'><strong><em>ού-</em></strong></span> 
     </span>
     <span class='ocr_line' id='line_1_20' title="bbox 61 2149 1046 2239; baseline 0 -18"><span class='ocrx_word' id='word_1_151' title='bbox 61 2179 127 2236; x_wconf 92' lang='grc' dir='ltr'><strong><em>τοι,</em></strong></span> <span class='ocrx_word' id='word_1_152' title='bbox 151 2149 359 2236; x_wconf 80' lang='grc' dir='ltr'><strong><em>παραλείψω·</em></strong></span> <span class='ocrx_word' id='word_1_153' title='bbox 380 2151 465 2220; x_wconf 78' lang='grc' dir='ltr'><strong><em>ἀλλά</em></strong></span> <span class='ocrx_word' id='word_1_154' title='bbox 484 2153 565 2238; x_wconf 51' lang='grc' dir='ltr'><strong><em>παρ’1</em></strong></span> <span class='ocrx_word' id='word_1_155' title='bbox 580 2151 751 2239; x_wconf 80' lang='grc' dir='ltr'><strong><em>ῆμίνπύτε</em></strong></span> <span class='ocrx_word' id='word_1_156' title='bbox 762 2157 893 2224; x_wconf 71' lang='grc' dir='ltr'><strong><em>πώποτε</em></strong></span> <span class='ocrx_word' id='word_1_157' title='bbox 905 2154 1015 2222; x_wconf 87' lang='grc' dir='ltr'><strong><em>δεινό-</em></strong></span> <span class='ocrx_word' id='word_1_158' title='bbox 1041 2223 1046 2232; x_wconf 77' lang='grc'><strong><em>,</em></strong></span> 
     </span>
     <span class='ocr_line' id='line_1_21' title="bbox 62 2244 1014 2337; baseline 0 -18"><span class='ocrx_word' id='word_1_159' title='bbox 62 2277 142 2319; x_wconf 93' lang='grc' dir='ltr'><strong><em>τατα</em></strong></span> <span class='ocrx_word' id='word_1_160' title='bbox 165 2253 201 2318; x_wconf 78' lang='grc' dir='ltr'><strong><em>ἐν</em></strong></span> <span class='ocrx_word' id='word_1_161' title='bbox 221 2256 261 2333; x_wconf 85' lang='grc' dir='ltr'><strong><em>τῆ</em></strong></span> <span class='ocrx_word' id='word_1_162' title='bbox 280 2249 375 2315; x_wconf 84' lang='grc' dir='ltr'><strong><em>πόλει</em></strong></span> <span class='ocrx_word' id='word_1_163' title='bbox 390 2249 544 2332; x_wconf 76' lang='grc' dir='ltr'><strong><em>γέγονενς</em></strong></span> <span class='ocrx_word' id='word_1_164' title='bbox 564 2244 604 2315; x_wconf 77' lang='grc' dir='ltr'><strong><em>εὖ</em></strong></span> <span class='ocrx_word' id='word_1_165' title='bbox 621 2248 683 2318; x_wconf 71' lang='grc' dir='ltr'><strong><em>οἶδ’</em></strong></span> <span class='ocrx_word' id='word_1_166' title='bbox 702 2249 754 2318; x_wconf 79' lang='grc' dir='ltr'><strong><em>ὅτι</em></strong></span> <span class='ocrx_word' id='word_1_167' title='bbox 770 2254 823 2318; x_wconf 82' lang='grc' dir='ltr'><strong><em>έπλ</em></strong></span> <span class='ocrx_word' id='word_1_168' title='bbox 836 2259 905 2319; x_wconf 78' lang='grc' dir='ltr'><strong><em>τῶν</em></strong></span> <span class='ocrx_word' id='word_1_169' title='bbox 921 2249 1014 2337; x_wconf 76' lang='grc' dir='ltr'><strong><em>τριέ-</em></strong></span> 
     </span>
    </p>
   </div>
   <div class='ocr_carea' id='block_1_5' title="bbox 10 2339 1129 2431">
    <p class='ocr_par' dir='ltr' id='par_1_5' title="bbox 10 2339 1129 2431">
     <span class='ocr_line' id='line_1_22' title="bbox 10 2339 1129 2431; baseline -0.001 -15"><span class='ocrx_word' id='word_1_170' title='bbox 10 2375 54 2429; x_wconf 71' lang='lat'><strong><em>164</em></strong></span> <span class='ocrx_word' id='word_1_171' title='bbox 62 2345 161 2416; x_wconf 89' lang='grc' dir='ltr'><strong><em>κονθ’</em></strong></span> <span class='ocrx_word' id='word_1_172' title='bbox 176 2345 319 2423; x_wconf 80' lang='grc' dir='ltr'><strong><em>ἅπαντες</em></strong></span> <span class='ocrx_word' id='word_1_173' title='bbox 328 2339 373 2412; x_wconf 83' lang='grc' dir='ltr'><strong><em>ἀν</em></strong></span> <span class='ocrx_word' id='word_1_174' title='bbox 385 2354 514 2414; x_wconf 84' lang='grc' dir='ltr'><strong><em>είποιτε.</em></strong></span> <span class='ocrx_word' id='word_1_175' title='bbox 534 2345 608 2414; x_wconf 86' lang='grc' dir='ltr'><strong><em>τότε</em></strong></span> <span class='ocrx_word' id='word_1_176' title='bbox 619 2353 746 2431; x_wconf 85' lang='grc' dir='ltr'><strong><em>τοίνυν,</em></strong></span> <span class='ocrx_word' id='word_1_177' title='bbox 757 2344 801 2425; x_wconf 80' lang='grc' dir='ltr'><strong><em>ὡς</em></strong></span> <span class='ocrx_word' id='word_1_178' title='bbox 810 2353 901 2414; x_wconf 80' lang='grc' dir='ltr'><strong><em>ἔστιν</em></strong></span> <span class='ocrx_word' id='word_1_179' title='bbox 909 2345 1014 2415; x_wconf 86' lang='grc' dir='ltr'><strong><em>ἀκού-</em></strong></span> <span class='ocrx_word' id='word_1_180' title='bbox 1125 2354 1129 2365; x_wconf 73' lang='grc'><em>“</em></span> 
     </span>
    </p>
   </div>
   <div class='ocr_carea' id='block_1_6' title="bbox 10 2441 1082 3578">
    <p class='ocr_par' dir='ltr' id='par_1_6' title="bbox 10 2441 1082 3578">
     <span class='ocr_line' id='line_1_23' title="bbox 62 2441 1015 2532; baseline -0.004 -17"><span class='ocrx_word' id='word_1_181' title='bbox 62 2474 129 2530; x_wconf 90' lang='grc' dir='ltr'><strong><em>ειν,</em></strong></span> <span class='ocrx_word' id='word_1_182' title='bbox 142 2442 251 2522; x_wconf 75' lang='grc' dir='ltr'><strong><em>οὐδεὶς</em></strong></span> <span class='ocrx_word' id='word_1_183' title='bbox 261 2448 352 2511; x_wconf 72' lang='grc' dir='ltr'><strong><em>ἔστιν</em></strong></span> <span class='ocrx_word' id='word_1_184' title='bbox 362 2442 452 2523; x_wconf 79' lang='grc' dir='ltr'><strong><em>ὅστις</em></strong></span> <span class='ocrx_word' id='word_1_185' title='bbox 462 2441 669 2531; x_wconf 73' lang='grc' dir='ltr'><strong><em>ἀπεστερεῖτο</em></strong></span> <span class='ocrx_word' id='word_1_186' title='bbox 678 2453 742 2515; x_wconf 77' lang='grc' dir='ltr'><strong><em>τοῦ</em></strong></span> <span class='ocrx_word' id='word_1_187' title='bbox 752 2452 914 2532; x_wconf 85' lang='grc' dir='ltr'><strong><em>σωθῆναι,</em></strong></span> <span class='ocrx_word' id='word_1_188' title='bbox 926 2442 1015 2522; x_wconf 84' lang='grc' dir='ltr'><strong><em>ὅστις</em></strong></span> 
     </span>
     <span class='ocr_line' id='line_1_24' title="bbox 62 2539 1014 2631; baseline -0.005 -16"><span class='ocrx_word' id='word_1_189' title='bbox 62 2544 182 2615; x_wconf 81' lang='grc' dir='ltr'><strong><em>ἑαυτὸν</em></strong></span> <span class='ocrx_word' id='word_1_190' title='bbox 195 2552 282 2612; x_wconf 85' lang='grc' dir='ltr'><strong><em>οίαοι</em></strong></span> <span class='ocrx_word' id='word_1_191' title='bbox 299 2542 475 2628; x_wconf 75' lang='grc' dir='ltr'><strong><em>κρύψειεν,</em></strong></span> <span class='ocrx_word' id='word_1_192' title='bbox 495 2539 571 2611; x_wconf 85' lang='grc' dir='ltr'><strong><em>ἀλλ’</em></strong></span> <span class='ocrx_word' id='word_1_193' title='bbox 590 2539 671 2611; x_wconf 78' lang='grc' dir='ltr'><strong><em>αὐτὰ</em></strong></span> <span class='ocrx_word' id='word_1_194' title='bbox 682 2544 781 2614; x_wconf 83' lang='grc' dir='ltr'><strong><em>τοῦτο</em></strong></span> <span class='ocrx_word' id='word_1_195' title='bbox 792 2551 1014 2631; x_wconf 83' lang='grc' dir='ltr'><strong><em>κατηγοροῦσι</em></strong></span> 
     </span>
     <span class='ocr_line' id='line_1_25' title="bbox 62 2640 1012 2729; baseline -0.003 -16"><span class='ocrx_word' id='word_1_196' title='bbox 62 2653 129 2712; x_wconf 68' lang='grc' dir='ltr'><strong><em>τείν</em></strong></span> <span class='ocrx_word' id='word_1_197' title='bbox 139 2643 326 2729; x_wconf 88' lang='grc' dir='ltr'><strong><em>τριάκοντα,</em></strong></span> <span class='ocrx_word' id='word_1_198' title='bbox 340 2641 390 2710; x_wconf 80' lang='grc' dir='ltr'><strong><em>ὅτι</em></strong></span> <span class='ocrx_word' id='word_1_199' title='bbox 401 2640 481 2721; x_wconf 84' lang='grc' dir='ltr'><strong><em>τούς</em></strong></span> <span class='ocrx_word' id='word_1_200' title='bbox 490 2644 528 2710; x_wconf 84' lang='grc' dir='ltr'><strong><em>έει</em></strong></span> <span class='ocrx_word' id='word_1_201' title='bbox 537 2648 598 2728; x_wconf 84' lang='grc' dir='ltr'><strong><em>τῆς</em></strong></span> <span class='ocrx_word' id='word_1_202' title='bbox 607 2640 731 2727; x_wconf 78' lang='grc' dir='ltr'><strong><em>ἀγοραῖς</em></strong></span> <span class='ocrx_word' id='word_1_203' title='bbox 742 2640 864 2722; x_wconf 84' lang='grc' dir='ltr'><strong><em>ἀδίκως</em></strong></span> <span class='ocrx_word' id='word_1_204' title='bbox 872 2641 1012 2729; x_wconf 82' lang='grc' dir='ltr'><strong><em>ἀπῆγον.</em></strong></span> 
     </span>
     <span class='ocr_line' id='line_1_26' title="bbox 63 2735 1014 2829; baseline 0 -20"><span class='ocrx_word' id='word_1_205' title='bbox 63 2735 155 2810; x_wconf 81' lang='grc' dir='ltr'><strong><em>οὗτοι</em></strong></span> <span class='ocrx_word' id='word_1_206' title='bbox 166 2749 281 2810; x_wconf 91' lang='grc' dir='ltr'><strong><em>τοίνυν</em></strong></span> <span class='ocrx_word' id='word_1_207' title='bbox 290 2741 457 2828; x_wconf 87' lang='grc' dir='ltr'><strong><em>τοσαύτην</em></strong></span> <span class='ocrx_word' id='word_1_208' title='bbox 466 2738 658 2829; x_wconf 74' lang='grc' dir='ltr'><strong><em>ύπερβολῆν</em></strong></span> <span class='ocrx_word' id='word_1_209' title='bbox 668 2742 865 2829; x_wconf 79' lang='grc' dir='ltr'><strong><em>ἐποιήσαντο</em></strong></span> <span class='ocrx_word' id='word_1_210' title='bbox 877 2745 1014 2810; x_wconf 76' lang='grc' dir='ltr'><strong><em>ἐκείνων</em></strong></span> 
     </span>
     <span class='ocr_line' id='line_1_27' title="bbox 64 2837 1082 2933; baseline 0 -29"><span class='ocrx_word' id='word_1_211' title='bbox 64 2847 121 2921; x_wconf 86' lang='grc' dir='ltr'><strong><em>τῆς</em></strong></span> <span class='ocrx_word' id='word_1_212' title='bbox 132 2838 244 2905; x_wconf 74' lang='grc' dir='ltr'><strong><em>αὐτῶν</em></strong></span> <span class='ocrx_word' id='word_1_213' title='bbox 258 2847 416 2933; x_wconf 86' lang='grc' dir='ltr'><strong><em>πονηρίας</em></strong></span> <span class='ocrx_word' id='word_1_214' title='bbox 444 2837 525 2908; x_wconf 71' lang='grc' dir='ltr'><strong><em>ὥστ’</em></strong></span> <span class='ocrx_word' id='word_1_215' title='bbox 538 2842 787 2928; x_wconf 70' lang='grc' dir='ltr'><strong><em>ένδημοιιρατίρ</em></strong></span> <span class='ocrx_word' id='word_1_216' title='bbox 798 2839 1014 2925; x_wconf 81' lang='grc' dir='ltr'><strong><em>πολιτευόμε-</em></strong></span> <span class='ocrx_word' id='word_1_217' title='bbox 1075 2915 1082 2933; x_wconf 27' lang='lat' dir='ltr'><em>J</em></span> 
     </span>
     <span class='ocr_line' id='line_1_28' title="bbox 65 2933 1012 3026; baseline 0.005 -26"><span class='ocrx_word' id='word_1_218' title='bbox 65 2959 120 3002; x_wconf 89' lang='grc' dir='ltr'><strong><em>νοι</em></strong></span> <span class='ocrx_word' id='word_1_219' title='bbox 134 2933 196 3020; x_wconf 83' lang='grc' dir='ltr'><strong><em>τῆν</em></strong></span> <span class='ocrx_word' id='word_1_220' title='bbox 207 2939 293 3002; x_wconf 87' lang='grc' dir='ltr'><strong><em>ίδίαν</em></strong></span> <span class='ocrx_word' id='word_1_221' title='bbox 302 2943 410 3005; x_wconf 83' lang='grc' dir='ltr'><strong><em>οίκίαν</em></strong></span> <span class='ocrx_word' id='word_1_222' title='bbox 421 2938 546 3026; x_wconf 76' lang='grc' dir='ltr'><strong><em>έκάστω</em></strong></span> <span class='ocrx_word' id='word_1_223' title='bbox 558 2939 784 3023; x_wconf 68' lang='grc' dir='ltr'><strong><em>δεσμωτήριον</em></strong></span> <span class='ocrx_word' id='word_1_224' title='bbox 794 2943 1012 3019; x_wconf 83' lang='grc' dir='ltr'><strong><em>καθίστασαν,</em></strong></span> 
     </span>
     <span class='ocr_line' id='line_1_29' title="bbox 10 3026 1014 3125; baseline -0.001 -25"><span class='ocrx_word' id='word_1_225' title='bbox 10 3055 55 3110; x_wconf 77' lang='lat'><strong><em>165</em></strong></span> <span class='ocrx_word' id='word_1_226' title='bbox 64 3031 143 3125; x_wconf 84' lang='grc' dir='ltr'><strong><em>τούς</em></strong></span> <span class='ocrx_word' id='word_1_227' title='bbox 158 3030 266 3100; x_wconf 79' lang='grc' dir='ltr'><strong><em>ἕνδεκ’</em></strong></span> <span class='ocrx_word' id='word_1_228' title='bbox 285 3032 420 3117; x_wconf 82' lang='grc' dir='ltr'><strong><em>ἄγοντες</em></strong></span> <span class='ocrx_word' id='word_1_229' title='bbox 429 3039 482 3105; x_wconf 77' lang='grc' dir='ltr'><strong><em>ἐπί</em></strong></span> <span class='ocrx_word' id='word_1_230' title='bbox 492 3034 551 3114; x_wconf 76' lang='grc' dir='ltr'><strong><em>τάς</em></strong></span> <span class='ocrx_word' id='word_1_231' title='bbox 562 3041 675 3113; x_wconf 86' lang='grc' dir='ltr'><strong><em>οίκίας.</em></strong></span> <span class='ocrx_word' id='word_1_232' title='bbox 706 3042 830 3120; x_wconf 88' lang='grc' dir='ltr'><strong><em>καίτοι,</em></strong></span> <span class='ocrx_word' id='word_1_233' title='bbox 854 3026 1014 3120; x_wconf 74' lang='grc' dir='ltr'><strong><em>ἀάνδρες</em></strong></span> 
     </span>
     <span class='ocr_line' id='line_1_30' title="bbox 62 3129 1014 3224; baseline 0.002 -26"><span class='ocrx_word' id='word_1_234' title='bbox 62 3131 247 3218; x_wconf 83' lang='grc' dir='ltr'><strong><em>Ἀθηναίω,</em></strong></span> <span class='ocrx_word' id='word_1_235' title='bbox 268 3138 302 3199; x_wconf 92' lang='grc' dir='ltr'><strong><em>τί</em></strong></span> <span class='ocrx_word' id='word_1_236' title='bbox 315 3142 444 3220; x_wconf 85' lang='grc' dir='ltr'><strong><em>οίεσθε,</em></strong></span> <span class='ocrx_word' id='word_1_237' title='bbox 465 3132 562 3202; x_wconf 82' lang='grc' dir='ltr'><strong><em>ὁπότ’</em></strong></span> <span class='ocrx_word' id='word_1_238' title='bbox 580 3132 760 3217; x_wconf 73' lang='grc' dir='ltr'><strong><em>ἅνθρωπος</em></strong></span> <span class='ocrx_word' id='word_1_239' title='bbox 774 3137 893 3216; x_wconf 86' lang='grc' dir='ltr'><strong><em>πίνης,</em></strong></span> <span class='ocrx_word' id='word_1_240' title='bbox 916 3129 938 3224; x_wconf 76' lang='grc' dir='ltr'><em>ἢ</em></span> <span class='ocrx_word' id='word_1_241' title='bbox 957 3135 1014 3200; x_wconf 80' lang='grc' dir='ltr'><strong><em>καί</em></strong></span> 
     </span>
     <span class='ocr_line' id='line_1_31' title="bbox 64 3227 1014 3318; baseline 0.004 -20"><span class='ocrx_word' id='word_1_242' title='bbox 64 3230 239 3312; x_wconf 87' lang='grc' dir='ltr'><strong><em>πλούσιος,</em></strong></span> <span class='ocrx_word' id='word_1_243' title='bbox 261 3228 366 3298; x_wconf 74' lang='grc' dir='ltr'><strong><em>πολλοὶ</em></strong></span> <span class='ocrx_word' id='word_1_244' title='bbox 389 3228 420 3298; x_wconf 85' lang='grc' dir='ltr'><strong><em>δ’</em></strong></span> <span class='ocrx_word' id='word_1_245' title='bbox 438 3229 619 3318; x_wconf 72' lang='grc' dir='ltr'><strong><em>ἀνηλωκώς</em></strong></span> <span class='ocrx_word' id='word_1_246' title='bbox 633 3237 692 3299; x_wconf 82' lang='grc' dir='ltr'><strong><em>καί</em></strong></span> <span class='ocrx_word' id='word_1_247' title='bbox 706 3227 769 3298; x_wconf 88' lang='grc' dir='ltr'><strong><em>τιν’</em></strong></span> <span class='ocrx_word' id='word_1_248' title='bbox 791 3238 870 3306; x_wconf 85' lang='grc' dir='ltr'><strong><em>ίσως</em></strong></span> <span class='ocrx_word' id='word_1_249' title='bbox 884 3229 1014 3314; x_wconf 78' lang='grc' dir='ltr'><strong><em>τρόπον</em></strong></span> 
     </span>
     <span class='ocr_line' id='line_1_32' title="bbox 65 3323 1013 3416; baseline -0.006 -18"><span class='ocrx_word' id='word_1_250' title='bbox 65 3329 196 3406; x_wconf 86' lang='grc' dir='ltr'><strong><em>είκύτως</em></strong></span> <span class='ocrx_word' id='word_1_251' title='bbox 209 3325 271 3394; x_wconf 80' lang='grc' dir='ltr'><strong><em>οὐκ</em></strong></span> <span class='ocrx_word' id='word_1_252' title='bbox 285 3328 439 3414; x_wconf 71' lang='grc' dir='ltr'><strong><em>εὐπορεῖν</em></strong></span> <span class='ocrx_word' id='word_1_253' title='bbox 449 3327 622 3416; x_wconf 85' lang='grc' dir='ltr'><strong><em>ἀργυρίου,</em></strong></span> <span class='ocrx_word' id='word_1_254' title='bbox 634 3326 677 3415; x_wconf 82' lang='grc' dir='ltr'><strong><em>μῆ</em></strong></span> <span class='ocrx_word' id='word_1_255' title='bbox 690 3327 797 3414; x_wconf 84' lang='grc' dir='ltr'><strong><em>μόνον’</em></strong></span> <span class='ocrx_word' id='word_1_256' title='bbox 806 3332 851 3405; x_wconf 87' lang='grc' dir='ltr'><strong><em>είς</em></strong></span> <span class='ocrx_word' id='word_1_257' title='bbox 860 3323 922 3412; x_wconf 79' lang='grc' dir='ltr'><strong><em>τῆν</em></strong></span> <span class='ocrx_word' id='word_1_258' title='bbox 932 3323 1013 3410; x_wconf 83' lang='grc' dir='ltr'><strong><em>ἀγο-</em></strong></span> 
     </span>
     <span class='ocr_line' id='line_1_33' title="bbox 66 3422 1013 3571; baseline -0.007 -77"><span class='ocrx_word' id='word_1_259' title='bbox 66 3426 130 3513; x_wconf 86' lang='grc' dir='ltr'><strong><em>ράν</em></strong></span> <span class='ocrx_word' id='word_1_260' title='bbox 141 3422 265 3512; x_wconf 75' lang='grc' dir='ltr'><strong><em>φοβοῖτ’</em></strong></span> <span class='ocrx_word' id='word_1_261' title='bbox 279 3428 450 3510; x_wconf 73' lang='grc' dir='ltr'><strong><em>ἐμβαλεῖν,</em></strong></span> <span class='ocrx_word' id='word_1_262' title='bbox 461 3425 546 3513; x_wconf 79' lang='grc' dir='ltr'><strong><em>ἀλλὰ</em></strong></span> <span class='ocrx_word' id='word_1_263' title='bbox 553 3425 633 3513; x_wconf 86' lang='grc' dir='ltr'><strong><em>μηδ’</em></strong></span> <span class='ocrx_word' id='word_1_264' title='bbox 646 3435 733 3494; x_wconf 86' lang='grc' dir='ltr'><strong><em>οίκοι</em></strong></span> <span class='ocrx_word' id='word_1_265' title='bbox 743 3427 861 3571; x_wconf 81' lang='grc' dir='ltr'><strong><em>μένειν7</em></strong></span> <span class='ocrx_word' id='word_1_266' title='bbox 868 3422 1013 3498; x_wconf 70' lang='grc' dir='ltr'><strong><em>ἀσφαλὲς</em></strong></span> 
     </span>
     <span class='ocr_line' id='line_1_34' title="bbox 108 3521 842 3578; baseline -0.004 -5"><span class='ocrx_word' id='word_1_267' title='bbox 108 3521 243 3574; x_wconf 79' lang='grc' dir='ltr'><strong><em>Βεεοοελλι.</em></strong></span> <span class='ocrx_word' id='word_1_268' title='bbox 267 3521 374 3578; x_wconf 83' lang='lat' dir='ltr'>v01.11.</span> <span class='ocrx_word' id='word_1_269' title='bbox 830 3521 842 3570; x_wconf 94' lang='lat' dir='ltr'>l</span> 
     </span>
    </p>
   </div>
   <div class='ocr_carea' id='block_1_7' title="bbox 0 0 1171 3894">
    <p class='ocr_par' dir='ltr' id='par_1_7' title="bbox 0 0 1171 3894">
     <span class='ocr_line' id='line_1_35' title="bbox 0 0 1171 3894; baseline 0 0"><span class='ocrx_word' id='word_1_270' title='bbox 0 0 1171 3894; x_wconf 95' lang='lat' dir='ltr'><strong><em> </em></strong></span> 
     </span>
    </p>
   </div>
  </div>
 </body>
</html>
