2318 3894
167 238 229 303 102
373 243 443 299 XXI.
480 228 894 300 ΔΗΜΟΣΘΕΝΟΤΣ
994 226 999 233 ’

162 399 322 488 Ἁρμοδίῳ
334 402 389 468 καὶ
395 396 660 482 Ἀριστογείτονι·
682 394 810 476 τούτοις
825 394 890 482 γδρ
908 395 949 483 δὴ
962 400 1109 484 μέγισται

134 508 139 523 ’
167 504 318 568 δέδονται
334 499 454 583 δωρεαὶ
470 493 543 580 παρ’
556 494 652 580 ὑμῶν
667 498 722 563 καλ
732 492 816 582 ὑπὲρ
828 499 1001 580 μεγίστων.
1034 495 1106 565 οὐδ’

165 593 414 684 δνήνέσχεσθε,
431 599 462 661 εί
476 595 687 679 προσέγραψέ
700 595 798 672 τιςέν
809 601 851 680 τῇ
861 591 1110 682 στήλη“έξελναι

66 754 69 761 .
159 688 1110 781 “δὲιιαὶύβρίζειναύτοῖςδυδνβούλωνται·”ὑπὲργᾶραύ-

165 800 226 862 τοῦ
241 792 363 873 τούτου
378 789 437 871 τὰς
450 789 552 870 ἄλλας
568 796 688 877 ἔλαβον
699 789 841 878 δωρεὰς,
863 789 1110 880 ὅτιτουςύβρί-

66 900 98 959 0
165 894 445 972 ζονταςέπαυσαν.

104 1004 156 1060 1⁷1·
190 1056 198 1073 ,
239 988 310 1056 Ὅτι
320 994 435 1056 τοίνυν
446 990 500 1055 καὶ
511 987 701 1074 κεκόμισται
710 985 823 1072 χάριν,
845 979 1109 1074 ύύίνδρεςἌθη-

165 1101 267 1174 ναῖοι,
290 1084 364 1171 παρ’
375 1084 487 1173 ὑμῶν,
509 1083 551 1154 ού
567 1085 673 1172 μόνον
690 1076 1108 1172 ὦναύτδςλελειτούργηιιι

165 1192 381 1271 λειτουργιῶν
396 1180 491 1263 ιἰξίαυ
508 1183 622 1270 (μιαροὶ
639 1180 703 1268 γὰρ
720 1181 803 1269 αὕτη
822 1183 863 1266 γέ
875 1207 924 1260 τις
934 1175 1005 1269 ἦν),
1027 1180 1155 1252 dmm

164 1287 220 1353 καὶ
230 1292 298 1352 τῶν
308 1289 481 1371 μεγίστων,
492 1285 548 1350 καὶ
558 1278 655 1351 τούτο
666 1281 829 1368 βούλομαι
840 1284 952 1368 δεῖξαι,
963 1285 1022 1348 ἵνα
1032 1279 1106 1368 μηδ

165 1381 314 1467 ὀφείλειν
328 1384 448 1468 οἴησθέ
462 1408 493 1448 τι
504 1388 551 1471 τῷ
561 1381 781 1470 καταπτύστῳ
790 1380 906 1469 τούτῳ.
930 1377 1026 1466 ὑμεῖς
1037 1379 1108 1464 γὰρ,

166 1473 323 1564 ὦύνδρες
330 1476 511 1564 Ἀθηναῖοι,
528 1476 792 1563 ἐχειροτονήσατε
803 1484 922 1545 τοῦτον
932 1485 991 1563 τῆς
1001 1477 1109 1563 παρά-

165 1589 226 1647 λου
237 1585 366 1662 ταμίαν,
379 1575 459 1645 ὄντα
470 1583 623 1643 τοιοῦτον
634 1571 702 1653 οἷός
712 1578 791 1660 ἐστι,
808 1577 864 1644 καὶ
874 1575 978 1644 πάλιν
986 1575 1110 1659 ἵππαρ-

164 1703 234 1764 χον,
246 1670 395 1760 ὀχεῖσθαι
405 1673 460 1741 διὰ
470 1681 528 1759 τῆς
538 1672 661 1760 ἀγορᾶς
677 1687 747 1753 ταῖς
757 1688 901 1760 πομπαῖς
912 1673 953 1741 ού
966 1673 1110 1759 δυνάμε-

165 1801 236 1858 νον,
248 1777 302 1842 aaz
314 1778 504 1859 μυστηρίων
515 1772 711 1859 ἐπιμελητὴν
720 1775 775 1841 καὶ
785 1771 954 1859 ίεροποιόυ
963 1795 1043 1840 ποτε
1056 1773 1110 1839 καί

105 1885 156 1941 172
165 1872 315 1959 βοώνην,
337 1870 446 1938 καὶτὰ
464 1877 599 1962 τοιαῦτα
617 1871 667 1957 δή.
701 1870 769 1939 εἶτα
783 1871 866 1958 πρὸς
883 1877 951 1938 τῶν
967 1866 1108 1939 θεῶντδ

154 1969 226 2056 τὴν
246 1977 303 2056 τῆς
325 1969 457 2054 φύσεως
472 1976 591 2039 κακίαν
608 1972 663 2039 καί
680 1968 864 2057 ἀνανδρίαν
881 1970 936 2038 καί
947 1976 1109 2057 πονηρίαν

164 2084 233 2148 ταῖς
243 2067 317 2155 παρ’
329 2066 424 2155 ὑμῶν
435 2067 547 2155 ἀρχαῖς
557 2072 611 2137 καί
622 2083 729 2156 τιμαῖς
743 2070 795 2137 καὶ
818 2074 1031 2154 χειροτονίαις
1052 2069 1111 2135 έπ-

29 2188 39 2196 *
164 2176 399 2254 αυορθοῦσθαι
409 2166 532 2255 μικρὰν
543 2165 832 2255 δπολαμβύνετ’ί
802 2193 817 2235 ε
830 2194 885 2234 ναι
906 2166 1038 2252 δωρεὰν
1053 2167 1110 2234 ιιαλ

151 2267 274 2388 χάρινς
297 2266 402 2335 καί
361 2294 428 2354 μην
439 2276 472 2336 εί
479 2293 528 2346 τις
538 2292 644 2334 αντου
654 2292 735 2335 ταυτ
738 2261 960 2350 ’ἄφίλοττοὛ
958 2263 1110 2350 ππύρχη-

104 2362 177 2431 173“
182 2392 238 2452 κα,
261 2374 318 2486 τῆς
335 2365 487 2451 παράλου
504 2373 619 2450 ταμίας
636 2361 791 2450 γέγονα,”
814 2371 903 2441 τίνος
918 2361 1024 2432 αλλου
1042 2360 1108 2431 ἔστ’

164 2455 305 2543 ξιος
263 2489 375 2542 ουτος
397 2461 482 2531 ἀλλὰ
499 2461 566 2546 μὴν
583 2461 718 2529 αιἰιιεῖυό
733 2488 755 2547 γ
751 2460 830 2531 ’ἐπί
815 2460 1012 2546 ίστασθε,“
991 2488 1044 2532 οτι
1054 2488 1111 2549 της

163 2564 224 2646 μὲν
242 2558 394 2641 παραλον
416 2558 593 2643 ταμιεύσας
608 2560 844 2645 Κυζικηνῶν“
819 2580 950 2648 ηρπασε
972 2556 1110 2629 πλεῖν’“
1087 2586 1140 2647 η..

164 2659 261 2722 πέντε
270 2656 413 2722 τάλαντα
421 2647 566 2740 ,ὑπὲρ
538 2682 587 2722 ων
596 2660 652 2724 ἵνα
664 2684 752 2746 μη
696 2657 767 2726 δῶ
779 2664 890 2746 δίκην,
913 2659 1020 2728 πάντα
1030 2658 1111 2747 τρύ-

164 2777 230 2820 πον
246 2761 424 2836 περιωθων
440 2754 495 2821 καί
512 2755 663 2823 ἐλαύνων
679 2756 757 2836 τοὺς
772 2755 976 2842 ἀνθρώπους
997 2757 1111 2825 καίτοι

163 2850 315 2936 σύμβολα
327 2855 476 2935 συγχέων
491 2848 552 2937 τὴν
562 2855 624 2939 μὲν
640 2854 739 2922 πόλιν
750 2854 926 2940 έχθραν
886 2882 925 2944 τη
943 2854 1041 2924 πόλει
1051 2880 1111 2924 πε·

164 2955 290 3034 ποίηαε,
301 2945 340 3014 τὰ
350 2947 498 3035 χρήματα
509 2947 539 3017 δ’
549 2948 650 3030 αύτδς
661 2956 734 3038 ἔχει,
745 2957 906 3040 ἵππαρχος
916 2958 953 3022 δὲ
963 2979 1110 3042 χειροτο·

164 3047 489 3134 νηθεὶςλελύμανται
505 3048 541 3119 τδ
557 3051 696 3119 ίππικδν
715 3048 825 3139 ὑμῶν,
848 3053 1021 3132 τοιούτους
1038 3055 1110 3132 θείς

105 3144 289 3242 ιηςινόμους
300 3143 359 3224 οὓς
368 3147 470 3214 πάλιν
480 3147 579 3229 αύτὸς
586 3155 722 3233 ἔξαρνος
731 3143 776 3236 ἦν
786 3151 830 3238 μή
842 3154 1036 3220 τεθεικέναι.
1054 3150 1109 3219 καί

93 3304 96 3309 .
164 3248 221 3327 τῆς
231 3243 293 3327 μέν
305 3244 457 3329 παράλου
469 3249 635 3335 ταμιεύων
644 3249 729 3333 τότε,
737 3247 792 3316 ὅτε
804 3246 866 3334 τὴν
877 3252 930 3316 ἐπὶ
941 3254 1110 3337 Θηβαίους

163 3344 278 3419 ἔξοδον
289 3347 335 3421 είς
345 3342 494 3430 Εὔβοιαν
511 3343 665 3414 ἐποιεῖσθ’
678 3343 780 3433 ὑμεῖς,
799 3348 927 3416 δώδεκα
938 3355 997 3435 τῆς
1008 3349 1109 3418 πόλε-

164 3439 1004 3533 ως,τύλανταἆναλίσιιεινταχθεὶς,ἄξιούντωυὺμῶν
1013 3456 1108 3516 πλεῖν
