2318 3894
163 260 225 326 172
362 262 456 321 xxm.
494 254 834 318 ΔΗΜΟΣΘΕΝΟ
844 253 910 315 ΤΣ

78 406 82 413 ¹
164 442 231 508 σμα
247 418 500 505 Ἀριστοκράτης
519 411 581 500 οὐχ
601 413 665 493 ἔξει
686 416 798 498 δείξαι,
820 408 841 480 6
862 413 899 479 δὲ
918 409 1108 479 δεινότατον

164 518 300 587 πάντων
310 519 387 603 ἐστὶ,
404 541 441 584 το
431 514 623 600 μηδεμίαν
639 536 681 595 κρ
682 516 751 578 σιν
760 514 799 579 ἐν
810 512 1057 597 παντλποιήσαι
1067 516 1149 629 τ9361

163 623 347 703 ψηφίσματι
360 611 513 697 τοιαύτης
527 616 642 728 μίτίας,
658 607 752 677 τοῦθ’
765 605 984 693 ὑφαιρεῖσθαι
997 606 1108 728 πειρά-

164 736 262 783 σεται.
286 714 350 798 ἐγά
363 713 398 781 δὲ
409 705 536 796 περλ’
495 716 600 776 αυτοῦ
610 708 733 776 τοάτον
744 703 849 774 πολλά
861 705 922 791 μὲν
933 703 1088 791 λεγειν
1050 731 1107 773 ουκ

163 811 252 896 οἶμαι
271 816 358 895 δεῖν,
383 808 468 876 ἐκδὲ
478 832 538 874 του
524 812 759 924 ψηφίσματος
769 803 873 872 αὐτου
860 808 982 884 δείξω
997 812 1108 890 σαφως

164 907 243 977 οὐδὲ
262 905 366 976 αὐτὸν
384 913 505 973 τοῦτον
521 903 708 1027 ήγοήμενον
722 902 807 971 ελναι
823 910 933 989 κρίσιν
951 899 1107 988 οὐδεμίαν

121 1014 210 1096 91993
221 1006 281 1092 τήν
293 1011 402 1073 αἰτίαν
419 1009 533 1089 ἔχοντι
566 1007 712 1088 γέγραφε
729 999 795 1087 γάρ
807 997 889 1069 “έάν
899 1025 949 1079 τις
959 998 1108 1070 άποκτεί-

158 1101 223 1227 ῑ9η
234 1109 443 1191 Χαρίδημον,
461 1099 740 1187 άγάγιμοςέστω,
764 1097 824 1167 έάν
835 1101 875 1166 δέ
888 1125 937 1178 τις
952 1094 1108 1185 άφέληται

180 1229 201 1288 η
195 1198 338 1287 πολιςη
350 1200 497 1286 ίδιάτης,
520 1203 700 1276 ἔκσπονδος
712 1195 825 1266 έστω”
799 1248 809 1281 ,
845 1195 909 1266 οὐκ
919 1194 1034 1265 ἐάν
991 1223 1038 1283 μη
1048 1220 1107 1264 πα-

165 1299 270 1388 ράσχη
282 1308 328 1378 είς
339 1306 449 1382 κρίσιν
465 1297 526 1367 τὸν
543 1295 787 1383 άφαιρεθέντα,
810 1293 878 1364 άλλ’
891 1295 977 1376 ὅλως
985 1294 1105 1374 εὐθύς.

164 1405 270 1466 καίτοι
288 1408 321 1466 ελ
334 1415 371 1483 γε
386 1401 499 1466 ἐδίδου
515 1403 624 1480 κρίσιν
641 1396 697 1463 καὶ
718 1392 762 1481 μή
784 1391 961 1514 άφηρεϊτσ,
980 1390 1047 1463 τότ’
1068 1387 1108 1461 6v
1147 1463 1149 1468 ,

163 1499 373 1583 προσεγραψε
382 1520 464 1562 κατα
473 1519 541 1561 των
552 1489 813 1578 αφελομένων
778 1518 839 1577 τήν
850 1488 1108 1579 τιμωρίαν,οπο-

112 1607 115 1613 “
164 1619 199 1662 τε
211 1592 502 1678 είςτήνκρίσινμη
491 1587 917 1674 παρέσχονὸνέξείλοντο.
941 1641 945 1645 -

121 1709 155 1763 99
262 1688 361 1775 Οἶμαι
387 1694 503 1754 τοίνυν
521 1684 626 1754 αὐτὸν
642 1684 800 1754 κάκεῖνον
820 1691 908 1772 ἐρεῖν
922 1684 983 1755 τδν
998 1687 1108 1773 λόγον,

165 1791 220 1856 καλ
231 1785 363 1871 σφόδρα
372 1783 476 1872 ταύτῃ
487 1783 635 1872 ζητήσειν
646 1788 808 1864 ἐξαπατᾶν
819 1782 914 1872 ὑμᾶς,
928 1783 972 1864 ὥς
984 1785 1111 1873 άκυρόν

166 1891 234 1952 ἐστι
244 1883 281 1951 τὸ
294 1883 463 1968 ψήφισμα·
484 1881 721 1968 προβούλευμα
733 1882 798 1968 γάρ
810 1885 898 1951 ἐστιν
906 1880 952 1967 ,ὁ
964 1884 1069 1970 νόμος
1078 1878 1107 1951 δ’

166 1984 292 2050 ἐπέτεια
303 1978 480 2048 κελεύειτά
491 1987 548 2066 τῆς
557 1980 682 2067 βουλῆς
699 1979 783 2048 εἶναι
799 1989 1011 2069 ψηφίσματα,
1031 1981 1111 2051 ὥστε

166 2074 231 2146 κάν
245 2076 352 2147 αὐτοῦ
368 2086 433 2147 νῦν
456 2076 733 2165 ἀποψηφίσησθε,
755 2077 780 2166 ή
794 2104 832 2164 γε
848 2080 943 2166 πόλις
959 2084 1111 2165 φλαῦρον

122 2195 156 2251 93
166 2174 265 2245 οὐδὲν
276 2179 514 2258 πείσεταικατά
525 2175 562 2245 τὸ
581 2179 735 2265 ψήφισμα
747 2185 860 2255 τοῦτο.
904 2175 968 2263 ἐγώ
983 2178 1020 2246 δὲ
1031 2176 1111 2265 πρδς

165 2283 268 2343 ταῦτα
285 2274 375 2363 οἶμαι
393 2281 463 2344 δεῖν
479 2273 566 2363 δμάς
586 2279 691 2345 έκεῖνο
713 2273 980 2363 ὑπολαμβάνειν,
1005 2276 1057 2346 ὅτι
1074 2275 1110 2347 τδ

165 2374 319 2463 ψήφισμα
335 2373 428 2443 τοῦθ’
449 2366 546 2454 οὗτος
563 2379 707 2458 ἔγραψεν
724 2371 853 2461 αὐχένα
870 2372 967 2453 ὄντος
983 2372 1112 2461 άκάρου

164 2479 268 2593 μηδὲν
284 2472 380 2558 άηδὲς
396 2469 477 2555 ὑμῖν
494 2478 606 2558 σνμβή
622 2471 697 2557 (τήν
720 2470 826 2557 άρχήν
846 2469 912 2558 γάρ
929 2474 1008 2559 ἐξήν
1024 2469 1113 2562 αὐτῷ

165 2572 209 2656 μή
222 2594 376 2688 γρ9φειυ,
390 2577 422 2635 εί
428 2592 467 2651 γε
476 2593 513 2633 το
504 2569 696 2656 βέλτιστον
707 2594 746 2655 τγγ
735 2568 853 2636 πόλει
864 2584 1003 2638 σκοπεῖν
1015 2569 1113 2658 ἐβού-

165 2675 251 2746 λετο)
259 2661 327 2731 ἀλλ’
338 2661 379 2730 ἵν’
390 2663 693 2749 ἐξαπατηθέντων
673 2692 771 2753 υμων
778 2668 1017 2761 διαπραξαιντο
1026 2694 1112 2748 τινες

164 2761 322 2830 τάναντία
342 2776 409 2842 τοῖς
429 2759 508 2848 ὑμῖν
524 2765 761 2849 συμφέρουσιν
802 2769 870 2833 οίδ
821 2766 885 2834 666
905 2766 1113 2853 γραψάμενοι

165 2863 220 2928 καλ
237 2861 379 2947 χρόνους
399 2858 634 2982 ἐμποιήσαντες
654 2864 713 2939 καλ
731 2860 771 2929 δι’
790 2860 850 2942 063
864 2863 995 2985 άκνράν
1011 2867 1112 2951 ἐστιν,

164 2956 421 3049 ήμείςέσμέν.’
406 2959 532 3028 άτοπον
550 2957 589 3046 δή
608 2954 764 3045 γένοιτ’“
741 2986 802 3045 αν,
826 2967 857 3029 εί
865 2986 913 3028 ων
924 2957 1007 3047 ημῖν
1015 2962 1115 3049 χάριν

164 3058 251 3141 ίκός
262 3058 431 3146 ὑπάρχειν,
439 3066 543 3126 ταῦτα
553 3057 683 3136 τοάτοις
694 3062 739 3135 είς
748 3064 912 3145 σωτηρίαν
922 3056 1114 3145 ὑπάρξειεν

120 3173 155 3226 99
165 3161 212 3223 έτι
222 3164 338 3225 τοινυν
348 3155 425 3225 ουδ
438 3153 569 3224 απλουν
578 3155 672 3224 τονθ
682 3154 790 3284 οάτ9ις
807 3155 953 3242 ἐστίν,“
925 3183 971 3236 ως
986 3183 1037 3237 τις
1046 3166 1149 3230 θέε-66

164 3279 224 3319 ται.
249 3260 280 3322 εί
266 3254 422 3339 ίέμνγάρ
434 3251 695 3340 μηδελςάλλος
673 3286 716 3346 ην
739 3254 828 3334 ὅστις
845 3261 980 3340 ἔμελλεν
991 3253 1117 3342 ομοίως

163 3349 270 3439 τούτῳ
290 3359 358 3418 τοῖν
375 3352 617 3472 συμφερόντων
637 3350 716 3440 ὑμῖν
733 3351 937 3440 ὀλιγωρήσας
956 3353 1116 3440 γράφειν,

165 3443 277 3526 ίσως
254 3475 298 3515 αν
309 3473 457 3538 φορητον
467 3477 511 3538 ην
521 3476 635 3519 τουτο
656 3451 813 3519 νῦνδ”
793 3477 902 3520 οντων
912 3449 976 3521 ουκ
987 3451 1118 3541 ολίγων
