2318 3894
324 242 468 305 ΠΡΟΣ
485 242 782 307 ΛΕΠΤΙΝΗΝ.
986 245 1027 310 δῖ

81 405 187 487 ἐρείν,
208 399 253 483 αἱς
270 399 329 481 τὰς
345 400 475 480 εἰκόνας
486 405 541 470 καί
555 399 618 488 τὴν
628 408 756 488 σίτησιν
767 400 830 470 οὐκ
843 402 1029 490 άφαιρείται

80 510 151 571 τοῖν
170 503 358 590 εἰληφότων
378 499 396 570 δ
420 499 531 587 νόμος,
553 498 633 568 οὐδὲ
653 508 712 587 τῆς
733 500 860 582 πόλεως
875 503 912 570 τὸ
929 511 1032 589 τιμᾶν

80 598 161 680 τούς
170 600 272 679 ὄντας
282 597 408 680 άξίονς,
427 596 496 666 ἀλλ’
510 603 600 665 ἐσται
611 606 752 683 χαλκοῦς
769 599 899 667 ίστάναι
910 601 964 677 καὶ
978 608 1029 669 σί-

80 719 178 784 τησιν
189 696 320 765 διδόναι
330 699 384 764 καὶ
394 694 461 764 ἄλλ’
476 694 537 764 ὅτι
547 691 592 763 άν
601 697 782 784 βούλησθε,
799 695 887 784 πλὴν
897 698 1028 766 τούτου.

81 794 147 882 ἐγω
159 793 193 863 δ’
204 791 289 880 ὑπὲρ
307 787 356 862 άν
371 797 432 880 μὲν
445 802 485 881 τῇ
497 793 591 861 πόλει
611 800 818 862 καταλείπειν
838 795 953 883 φήσει,
972 821 1029 864 το-

82 903 186 962 τοῦτο
197 897 299 979 λέγω,
320 892 371 961 ότι
380 889 425 960 άν
435 885 485 961 όν
496 892 641 961 ἐδώκατέ
648 918 694 982 τφ
706 892 870 979 πρότερόν
879 919 921 980 τι,
932 891 1024 962 τοῦτ’

82 991 265 1079 ἀφέλησθε,
284 993 339 1059 καί
349 988 407 1070 τάς
416 988 619 1075 ὑπολοίπους
630 988 787 1070 άπίστονς
797 992 949 1080 ποιήσετε
960 993 1027 1062 πά-

82 1110 146 1170 σας
152 1089 289 1174 δωρεάς.
321 1093 355 1156 τί
362 1086 426 1174 γάρ
438 1093 528 1156 ἔσται
537 1088 732 1174 πιστότερον
747 1086 784 1158 τό
798 1098 856 1177 τῆς
866 1087 1027 1181 είκόνοςῆ

83 1185 144 1272 [τό]
156 1183 217 1273 τῆς
232 1186 389 1272 σιτήσεως
399 1182 421 1272 ἢ
431 1185 469 1253 τό
480 1194 539 1273 τῆς
549 1185 710 1272 ἀτελείας,
726 1185 771 1273 ἣν
787 1189 952 1275 πρότερόν
961 1208 1027 1257 τισι

29 1292 73 1346 121
82 1287 197 1364 δόντες
216 1282 424 1373 άφηρημέυοι
441 1294 619 1369 φανείσθε;
649 1282 746 1351 ἐπιδ
761 1289 791 1351 εί
799 1285 903 1370 μηδὲν
912 1289 1026 1371 ἔμελλε
1098 1306 1106 1316 ’

80 1380 165 1452 τοῦτ’
180 1389 317 1452 ἔσεσθαι
328 1382 498 1467 δυσχερὲς,
510 1379 584 1448 οὐδ’
592 1385 697 1450 ἐκείνο
709 1389 817 1460 καλῶς
827 1387 912 1466 ἔχειν
921 1379 1027 1469 ἡγοῦ-

81 1506 197 1567 μαι,ε
180 1486 230 1563 είς
247 1481 404 1566 τοιαύτην
426 1479 519 1565 άγειν
540 1476 693 1565 άνάγκην
714 1477 777 1566 τὴν
795 1479 895 1548 πόλιν
919 1473 1011 1549 δι’
986 1508 1027 1568 ης

80 1579 242 1659 ἅπαντας·
236 1582 283 1658 ἐξ
303 1587 379 1647 ίσον
399 1585 469 1645 τεόν
490 1575 602 1644 αὐτῶν
623 1574 753 1657 άξιάσει
768 1592 836 1698 τοῖς
851 1576 891 1646 τά
904 1579 1025 1667 μέγιστ’
1116 1594 1120 1601 ’

80 1676 329 1764 εὐεργετοῦσιν,
350 1672 373 1762 ἢ
393 1673 453 1764 μὴ
459 1683 556 1744 τοῦτο
580 1684 722 1745 ποιοῦσα
742 1675 839 1764 χάριν
857 1680 944 1746 τισὶν
962 1675 1024 1748 οὐκ

79 1773 258 1845 ἀποδόσει.
288 1774 444 1862 μεγάλων
462 1767 586 1861 μὲν
544 1799 607 1842 ουν
628 1772 826 1862 εὐεργεσιῶν
847 1774 921 1845 οὐθ’
944 1775 1024 1863 ημίυ

80 1876 245 1962 συμφέρει
267 1879 462 1960 συμβαίνειν
483 1873 641 1953 πολλάκις
658 1872 775 1960 καιρον
786 1875 847 1942 ουτ
850 1873 1021 1965 ’ίσωςρά-
1034 1898 1088 1954 494

28 1978 72 2031 m
81 1978 155 2042 διον
166 1979 259 2062 αίτίφ
276 1979 448 2058 γενέσθαι·
468 1982 610 2058 μετρίων
627 1974 663 2041 δὲ
679 1976 734 2042 καὶ
746 1965 841 2043 οἶνόν
851 1974 966 2062 είρήνη
977 2000 1025 2053 τις

80 2074 136 2140 καὶ
146 2079 295 2159 πολιτείᾳ
312 2068 442 2138 δύναιτ’
458 2065 503 2137 άν
518 2074 705 2156 ἐφικέσθαι,
727 2070 873 2159 εὐνοίας,
897 2078 1025 2141 δικαιο-

80 2171 202 2256 σύνης,
214 2171 406 2255 ἐπιμελείας,
416 2170 666 2254 τῶντοιούτων,
677 2174 733 2240 καὶ
743 2175 925 2258 συμφέρειν
935 2177 1025 2258 ἐμοι·-

79 2294 116 2350 γε
127 2267 285 2336 δοκεῖκαὶ
294 2274 411 2354 χρῆναι
424 2264 606 2335 διδόναι
569 2292 628 2345 τας
637 2270 740 2354 τιμάς.
779 2273 953 2337 δελτοίννν
966 2294 1026 2354 με·

79 2390 139 2451 μερ
141 2371 238 2433 ίσθαι
252 2363 362 2432 καὶ
325 2389 365 2430 τα
375 2373 445 2432 τῶν
456 2368 646 2449 δωρεῶυ,“
631 2363 670 2433 ιγ’
683 2359 724 2450 ἧς
735 2361 777 2432 άυ
787 2362 915 2445 άξιος’“
888 2392 937 2433 ων
946 2368 1025 2434 εκα-
1047 2410 1051 2416 -

79 2482 155 2540 στος
152 2443 340 2548 φαίνηται,
361 2461 486 2547 ταότην
502 2460 592 2545 παρά
607 2487 668 2529 του
655 2461 791 2550 δήμου
801 2463 999 2552 λαμβάνῃ
963 2492 1025 2553 την

27 2561 219 2648 Ιῖδδωρεάν.
251 2558 334 2628 άλλά
348 2587 416 2647 μην
426 2553 548 2647 νπὲρ
520 2587 569 2628 ων
579 2587 616 2645 γε
626 2576 693 2639 τοις
704 2559 942 2648 ευρημένοις
907 2590 963 2644 τας
974 2590 1025 2632 τι-

78 2658 141 2745 μάς
158 2666 371 2727 καταλείπειν
392 2659 507 2745 φήσει,
530 2658 621 2738 ηίὲ
581 2685 605 2744 μ
623 2686 643 2726 ν
660 2657 750 2729 άπλά
761 2686 851 2729 πανυ
861 2664 917 2731 καὶ
927 2661 1022 2732 δίκαι

74 2755 121 2826 -άν
132 2767 274 2843 είποιεν,
297 2755 412 2842 πάνθ’,
432 2757 495 2825 όσα
514 2764 583 2825 τῶν
596 2756 707 2826 αὐτῶν
724 2758 804 2831 ἕνεκ’
818 2758 929 2841 αὐτοῖς
941 2760 1021 2830 ἔδοτ’

79 2853 295 2940 εὐεργεσιῶν,
318 2853 486 2934 άξιοῦντες
497 2859 597 2948 ἐχειν,
620 2860 654 2923 οί
668 2856 704 2925 δέ
714 2865 900 2942 φενακίζειν
909 2858 970 2928 τόν
982 2857 1025 2940 ὥς

79 2959 309 3022 καταλείπεται
319 2954 458 3038 λέγοντά
468 2980 500 3020 τι
507 2953 630 3033 αὐτοῖς.
643 2953 660 3023 ὁ
672 2954 736 3042 γάρ
749 2956 822 3037 άξια
832 2956 1024 3044 τῆςάτελεί-

79 3078 117 3132 ας
128 3045 168 3120 εὐ
178 3054 392 3137 πεποιηκέναι
402 3051 499 3132 δόξας
516 3054 570 3120 καί
585 3051 708 3140 ταύτην
719 3051 793 3138 παρ’
805 3052 901 3141 ὑμῶν
911 3056 1026 3145 λαβιδυ

77 3149 249 3237 τηντιμην
266 3150 392 3237 μόνην,
413 3146 436 3236 ἢ
455 3152 546 3231 ξέυος
563 3145 655 3237 ἢκαί
662 3178 710 3230 τις
720 3159 869 3240 πολίτης,
891 3153 1024 3224 ἐπειδάν

78 3246 249 3336 ἀφαιρεθῇ
258 3247 402 3333 ταύτην,
423 3246 481 3314 τίν’
492 3253 556 3334 ἔχει
571 3247 690 3335 λοιπὴν
701 3248 839 3336 δωρεάν,
863 3259 1022 3339 Λεπτίνης

77 3343 238 3430 οὐδεμίαν
255 3345 375 3430 δήπου.
408 3343 451 3430 μὴ
470 3352 586 3413 τοίνυν
602 3345 655 3414 διά
666 3348 726 3433 μὲν
736 3356 797 3416 τοῦ
807 3355 912 3417 τῶνδε
922 3377 1024 3435 κατη-

77 3457 189 3531 γορεσν
200 3440 245 3523 ὡς
255 3441 398 3529 φαύλων
408 3447 555 3524 ἐκείνους
565 3442 723 3532 άφαιροῦ,
738 3443 777 3512 δι’
789 3444 811 3512 ά
822 3445 852 3512 δ’
867 3440 911 3512 αὐ
921 3472 1023 3529 καταῇ
