2318 3894
301 246 443 308 npox
462 228 819 307 AHATomoN.
972 243 1043 307 εοε-

66 446 68 451 ·
85 407 211 495 περί
176 434 238 494 την
253 413 381 495 γνωσιν
396 413 455 491 τῆς
473 409 597 490 διαίτης
607 403 809 505 Ἀπατουρίῳ
826 406 881 472 καί
891 431 937 495 τῳ
924 410 1036 473 διαι-
1129 436 1136 441 ·

56 519 59 533 ’
84 534 163 628 τητη
151 509 377 590 πέπρακται,
399 505 460 571 ἐύν
475 527 555 571 ποτε
566 512 663 589 σωθῇ
673 529 691 570 ο
681 490 916 629 ῇδικημένος,
940 508 1035 592 δίκην

84 603 162 691 παρ’
186 601 298 671 αὐτῶν
318 602 469 688 λήψεται·
498 600 662 687 έπειδὴδ
686 607 732 680 είς
751 611 849 670 τοῦτο
872 602 1036 703 ἐλήλυθεν

79 702 295 787 Ἀπατούριος
316 698 483 779 ἀναιδείας
505 697 588 767 ὥστε
605 697 703 785 κάμοί
723 699 900 786 δικάζεται,
920 694 1036 784 ἐπιφέ-

84 827 153 889 ρων
165 828 185 868 α
186 796 304 869 lvlav‘
284 826 327 877 ως
337 796 539 884 ανεδεξάμην
551 801 700 882 ἐκτίσειν,
708 807 740 866 εί
744 824 775 865 τι
785 803 1034 902 καταγνωσθείη
1132 868 1141 881 ,

83 925 144 967 τον
131 901 405 986 Παρμένοντος,
426 899 481 964 καί
492 898 596 981 φησίν
606 877 816 982 ἐγγραφῇναί
823 895 916 975 είς
880 921 938 974 τας
952 916 1035 962 συν-

84 997 193 1083 θηκας
204 997 258 1082 ἐμ
269 991 491 1079 ἐγγυητήν,
469 992 581 1078 ωσπερ
592 991 749 1079 προσήκει
759 1018 917 1079 τοιαυτην
928 1000 1035 1062 αιτίαν

85 1083 336 1178 ιἰποΙσασθαι,
360 1115 494 1177 πρωτον
511 1089 606 1178 μέν
587 1104 668 1177 υμίν
685 1090 1035 1180 μάρτυραςπαρασχή-

85 1213 184 1280 σομαι
201 1219 245 1271 ως
255 1217 317 1258 ονκ
327 1188 546 1276 ηγγυηοαμην
556 1188 664 1275 ἐγω
630 1216 691 1257 τον
699 1192 934 1276 Παρμένοντα,
958 1188 1036 1258 ιἰλλ

78 1288 255 1376 Αρχιππος
265 1289 653 1376 Μνρρινουσιος,ἐπειτα
663 1289 860 1374 πειρασομαι
870 1313 924 1355 και
913 1289 971 1355 ἐκ
981 1311 1036 1355 τε

86 1396 236 1475 κμηρίων
251 1386 314 1474 τήν
331 1385 513 1472 α’κολογίαν
531 1386 752 1473 ποιήσασθαι,
775 1412 801 1454 ω
788 1379 931 1471 ἄνδρες
941 1391 1035 1454 δικαὲ

42 1495 168 1561 23σταί.
200 1493 333 1571 πρῶτον
353 1476 477 1571 μὲν
434 1511 499 1575 ουν
518 1485 579 1554 τὸν
598 1487 722 1571 χρόνον
742 1484 909 1575 ἐμαυτῇ
892 1493 1036 1572 ηγοῦμαι

86 1585 236 1675 μάρτυροι
254 1583 338 1652 εἶναι
349 1592 412 1652 τοῦ
423 1582 467 1670 μή
480 1580 603 1671 ἀληθὲς
611 1583 649 1652 τὸ
661 1589 805 1670 ἐγκλημα
816 1582 908 1652 εἶναι.
942 1581 1098 1671 η’μέννθθο
1143 1629 1146 1633 .

84 1683 148 1770 γὰρ
161 1681 318 1770 ἐκιτροπή
328 1682 435 1772 τούτῳ
448 1679 530 1769 πρὸς
540 1679 600 1749 τόν
610 1684 828 1769 Παρμένοντα
839 1689 949 1767 τρίτον
966 1687 1036 1762 ἐτος

85 1787 200 1870 γέγονε
216 1784 270 1848 καὶ
287 1780 308 1866 ἡ
325 1789 449 1867 γνῶσις
465 1788 527 1848 τού
539 1777 798 1868 Ἀριστοκλέους·
819 1785 855 1848 αί
874 1781 909 1849 δὲ
931 1779 1036 1867 λήξεις
1102 1815 1106 1824 ·

85 1889 153 1947 των
170 1885 272 1946 δικῶν
282 1893 349 1956 τοῖς
367 1879 521 1965 ἐμπόροις
535 1884 680 1965 Ιἔμμηνοί
695 1886 777 1947 είσιν
793 1877 857 1946 ἀπὸ
877 1886 937 1946 τοῦ
954 1885 1037 1966 βοη-

87 1984 269 2063 δρομιῶνος
290 1978 384 2062 μέχρι
404 1982 466 2043 τοῦ
487 1984 731 2062 μουνυχιῶνος,
748 1981 819 2044 Ιἵνα
839 1983 1036 2063 παραχρήμα

85 2084 154 2144 νοῦν
172 2080 308 2144 δικαίων
315 2074 479 2162 τυχόντες
495 2071 693 2158 ἀνάγωνται
725 2099 740 2140 ε
741 2072 811 2158 ίδή
832 2081 872 2160 τῇ
894 2071 1035 2161 ἀληθείᾳ

60 2258 65 2266 Ι
86 2167 276 2260 ἐγγυητής
253 2198 298 2259 ην
308 2197 370 2238 τον
355 2175 629 2257 Παρμένοντος,
654 2171 707 2239 δια
718 2179 753 2240 τί
759 2196 892 2256 πρωτον
903 2169 1011 2258 μέν
973 2197 1036 2239 ουκ

87 2270 191 2349 εὐθύς
207 2277 264 2356 τῇς
281 2269 436 2354 γνώσεως
450 2272 630 2357 γενομένης
641 2267 860 2389 ἐπρύττετο
826 2294 888 2355 την
899 2269 1037 2354 ἐγγύην;

44 2387 79 2442 24
88 2395 129 2438 ov
146 2368 210 2454 γὰρ
227 2368 267 2454 δή
284 2368 384 2437 τοῦτό
400 2365 433 2454 γ’
453 2366 544 2458 αύτῷ
561 2374 610 2435 ἔνι
621 2358 786 2453 είπείν,“
763 2393 806 2444 ως
817 2364 916 2434 δια
881 2393 943 2452 την
953 2391 1037 2450 προς

86 2469 140 2554 ἐμὲ
157 2467 316 2553 φιλίαν”
289 2493 388 2535 ωκνει
405 2492 461 2554 μοι
477 2436 691 2553 ἀπεχθέσθαι
726 2462 898 2551 αύτὸςγδιρ
911 2466 1037 2532 είσεπέ-

85 2591 210 2653 πρακτο
228 2563 275 2632 ὑπ
279 2563 389 2652 ’ἐμοῦ
405 2563 488 2650 πρὸς
503 2562 628 2652 ἐχθροῖν
643 2563 701 2643 τὰς
709 2571 813 2650 χιλίας
823 2561 1037 2650 δραχμδςτδς

84 2674 146 2733 τοῦ
155 2667 405 2751 Παρμένοντος,
426 2665 482 2732 καί
498 2661 549 2731 ὅτ’
567 2661 890 2749 ἐξύρμιζετήνναύν
901 2666 1037 2748 ἐπιβου-

85 2766 193 2832 λεύων
204 2762 388 2851 ἀποδρᾶναι
399 2760 486 2831 καί“’
465 2768 685 2847 αποστερήσαι
695 2786 732 2828 το
723 2759 842 2828 ἐπί
805 2760 1037 2847 τηντροίκεζαν

85 2863 203 2946 χρέως,
225 2858 415 2952 ἐκωλύθη*
395 2884 444 2927 νπ
446 2857 564 2946 ’ἐμοτλ
599 2857 684 2928 ύστε
710 2853 780 2929 εί
758 2887 803 2945 ην
828 2858 1035 2945 ἠγγυημένος
1072 2887 1075 2894 ·

86 2949 195 3042 ἐγω
161 2981 221 3023 τον
224 2955 515 3075 Παρμένοντα,’
475 2982 537 3026 ονκ
547 2952 591 3024 δν
601 2964 698 3046 τρίτω
711 2954 808 3024 ἐτει”
784 2972 943 3041 νστερον,
961 2952 1033 3021 ἀλλ’
1076 3024 1079 3030 ,

42 3082 77 3134 25
87 3052 192 3133 εὐθύς
210 3053 284 3122 τότε
305 3054 555 3141 είσέπραττεν”
533 3082 576 3123 αν
593 3081 633 3141 με
649 3051 712 3139 τήν
729 3051 861 3145 ἐγγύην.
894 3049 977 3119 ἀλλὰ
993 3048 1035 3136 νή

86 3159 153 3220 Δια
164 3149 314 3235 ενπορως
324 3152 528 3237 διέκειτο,
501 3172 569 3220 ωστ
571 3150 756 3237 ’ἐνεδέχετο
802 3145 960 3240 φκαί
937 3167 1036 3217 νστε-
1148 3152 1150 3161 ⁴

17 3269 20 3273 ’
87 3277 148 3336 ρον
166 3247 218 3317 ἐπ’
237 3250 292 3336 ἐμὲ
308 3251 435 3336 ἐλθεῖν,
457 3250 531 3318 τότε
542 3248 574 3318 δ’
587 3247 734 3335 ἀσχόλως
744 3245 774 3316 εί
818 3250 893 3335 περί
903 3243 1035 3332 ἀναγω-

84 3347 150 3435 γήν
167 3347 224 3415 ὤν.
256 3344 340 3415 οἶλλδ
359 3344 405 3414 δι’
425 3345 568 3435 ἀπορίαν
585 3348 758 3435 ἐξειστήκει
772 3353 840 3414 τῶν
851 3343 1035 3414 ἐαυτούκαλ

84 3448 147 3532 τήν
163 3452 251 3514 ναύν
268 3445 451 3533 ἐπεπράκει.
485 3453 516 3516 εί
531 3444 563 3514 δ’
582 3446 638 3534 ἄρ’
656 3444 810 3533 ἐμποδύν
819 3472 851 3514 τι
862 3443 953 3533 αὐτῇ
965 3445 1036 3526 ἐγέ-
