2318 3894
369 236 814 303 ΠΡοΣΑοοοοΝ..
972 238 1035 332 τοι
1150 240 1153 245 ⁴

64 395 434 483 λδομαρτυρησιῖμευος.
463 395 643 483 τεκμήριον
664 399 711 481 δέ,
722 401 891 485 μέγιστον·
909 429 1039 489 μαρτν-

89 501 172 579 ριιδν
188 493 252 581 γὰρ
270 489 403 580 πλέονή
414 493 505 576 πάνυ
514 495 874 567 πολλδντολνὰπασοῐν
885 497 1039 587 αὐαγνω-

87 599 235 660 σδεισῶν
246 594 298 660 ἐπὶ
309 599 350 680 τή
363 596 454 680 δίκη,
468 594 662 667 καὶτούτων
671 602 739 662 τῶν
750 596 812 680 μέν
824 593 868 675 ὡς’
878 598 999 666 έδοσόν
1009 625 1040 665 τι

86 690 194 779 τούτῳ
205 696 274 756 τῶν
285 691 375 774 ε’μολν
386 699 726 777 καταμαρτυρουσῶν,
752 692 863 761 τοῖνδ’
876 691 1039 781 ολςπαρή-

86 809 151 856 σαν
171 790 389 875 κομιζομένῳ,
411 795 480 855 τῶν
502 786 533 855 δ’
559 785 607 867 ὡς
619 790 802 909 πριάμενοι
809 788 899 877 παρὰ
916 793 1039 860 τούτου

86 888 192 973 τούτῳ
203 884 262 963 τὰς
271 885 364 970 τιμὰς
375 888 539 972 διέλυσαν,
552 878 658 952 οὐδ’
633 913 654 973 η
667 911 732 953 τινι
741 912 870 954 τουτων
879 897 947 956 τῶν
956 901 1039 970 ψευ-

85 989 317 1069 δομαρτυριυν
327 984 544 1070 έπεσκηψατο,
551 981 630 1050 ουδε
639 983 817 1069 τετολμηκε
828 984 961 1055 διακειν
970 979 1037 1055 αλλ
1051 998 1101 1055 84λ

86 1108 108 1166 η
120 1106 244 1166 ταυτην
255 1085 333 1166 μίαν
341 1073 468 1164 οὖσαν,
490 1071 560 1148 έν
538 1106 559 1168 η
572 1078 770 1168 δραγμήν’
731 1106 794 1150 ουκ
805 1079 848 1149 δν
858 1079 926 1168 ἔχοι
937 1070 1039 1162 δεῖξαι

63 1175 392 1265 θμεμαρτυρημένην.
423 1185 530 1246 καίτοι
544 1204 582 1246 το
594 1205 632 1264 γε
641 1186 764 1266 τίμημα
774 1205 841 1248 των
850 1206 1037 1274 χρήματων,

89 1267 138 1344 ὦν
148 1273 393 1364 αιτεστερήμην,
415 1274 478 1346 οὐκ
490 1281 526 1345 ἐκ
537 1276 657 1363 ταύτης
667 1281 835 1358 συντιθεὶς
845 1279 1038 1366 ἐλογιζόμην

87 1383 247 1443 τοσουτον
266 1374 321 1461 (οὐ
338 1401 404 1461 γαρ
419 1374 527 1444 ἔνεστ’
546 1374 739 1463 αργύριον),
758 1375 833 1445 αλλ’
851 1381 883 1458 έξ
901 1381 1038 1446 ἐκείνων

85 1472 168 1541 καθ’
180 1475 306 1562 Ιεααστα
316 1475 435 1560 τιθεὶς,
457 1465 564 1553 αλς
519 1499 618 1554 ουτος
628 1499 691 1542 ουκ
704 1473 920 1561 ἐπεσκήψατο.
952 1470 1037 1543 ὅθεν
1132 1548 1134 1557 k

87 1577 121 1639 ολ
128 1570 199 1640 τότ’
214 1569 417 1650 ἀκούσαντες
426 1569 469 1640 οό
479 1570 585 1658 μόνον
596 1569 701 1639 αὐτοῦ
710 1575 939 1658 κατέγνωσαν,
953 1567 1036 1657 ἄλλό
1141 1582 1144 1587 ’

85 1671 228 1738 καὶτῶν
249 1672 539 1764 ἐπιγεγραμμένων
560 1672 723 1758 ἐτίμησαν.
753 1678 843 1760 τίνας
858 1663 927 1738 οὖν
946 1666 1035 1739 ἕνεκ’

86 1770 212 1844 ἐκείνας
223 1768 283 1851 μέν
299 1777 404 1853 εἴασε,
421 1773 500 1855 τῇδε
511 1767 548 1835 δέ
558 1768 779 1856 ἐπεσκήψατο,
798 1764 862 1856 ἐγώ
874 1772 1037 1838 καὶτοῦτο

61 1863 220 1941 9διδοίξω.
245 1870 313 1929 τῶν
323 1873 516 1951 μαρτυριῶν
527 1863 602 1932 ὅσαι
612 1868 674 1952 μὲν
685 1864 791 1935 αὐτοῦ
800 1864 939 1955 χρήματ’
952 1871 1038 1953 ἔχειν

88 1961 377 2047 κατεμαρτύρουν,
397 1960 470 2048 ᾔδει
486 1970 600 2043 σαφῶς
610 1963 661 2030 ότι
671 1964 819 2052 τοσούτῳ
831 1971 959 2049 μᾶλλον
969 1965 1039 2044 ἐξε-

88 2058 301 2145 λεγχδήσεται
312 2066 394 2125 ταῦτ
398 2055 558 2144 ’,“έχων,
537 2077 605 2147 οσρι
617 2063 740 2126 πλείων
750 2059 848 2143 λόγος
860 2060 1038 2145 δοθήσεται

87 2155 161 2224 καθ’
175 2161 213 2224 ἓν
223 2160 297 2241 περι
308 2157 457 2225 εκαστου
475 2164 573 2224 τοῦτο
590 2150 619 2222 δ’
634 2159 770 2241 έμελλεν
780 2159 866 2222 έν
825 2182 865 2244 τη
876 2180 944 2222 ταν
953 2168 1037 2236 ψευ-
1149 2210 1155 2221 .

87 2259 318 2340 δομαρτυριῶν
335 2260 470 2324 έσεσδαι
487 2260 606 2337 κρίσει·
627 2248 788 2338 δγαρτότ
792 2245 876 2320 ’ἐν
862 2260 968 2340 μικρῷ
978 2256 1037 2338 μέ-

88 2377 138 2437 ρει
147 2353 213 2420 τινὶ
223 2377 284 2418 του
295 2349 417 2430 παντὸς
427 2349 548 2429 υδατος
558 2346 639 2435 μετὰ
651 2373 720 2429 των
731 2345 841 2415 ἄλλων
852 2347 1036 2466 κατηγορή-

86 2470 208 2537 σαμεν,
231 2456 297 2517 νῦν
313 2447 397 2536 πρός
407 2446 498 2516 ἅπαν
508 2473 545 2515 το
534 2444 649 2533 υδοιρ
661 2443 743 2514 αὐτο
732 2438 836 2514 καθ’
849 2440 929 2512 αδτο
920 2441 1037 2513 διδα-

44 2554 153 2630 Ιθξειν
169 2549 354 2635 ἐμέλλομεν.
375 2544 547 2632 ἀποκρίσει
558 2543 590 2614 δ’
603 2544 867 2631 ἐπισκηψάμενος
877 2543 1035 2631 ἐνόμιζεν,

84 2644 194 2730 ὥσπερ
205 2643 282 2714 τόθ’
295 2643 518 2731 ὡμολόγησεν,
525 2642 613 2713 οὕτω
623 2641 724 2712 πόλιν
735 2647 871 2726 ἔξαρνος
880 2644 1037 2727 γενέσθαι

83 2742 252 2826 ταῦταέφ’
265 2743 591 2835 ἕαυτῷγενήσεσθαι.
622 2740 676 2810 διδ
687 2748 791 2810 ταῦτα
803 2740 902 2828 τήνδε
914 2738 1036 2810 διώκει.

84 2841 247 2926 βούλομαι
264 2839 304 2927 δή
320 2843 462 2930 ταύτην,
486 2839 529 2921 ὡς
545 2837 788 2929 έστινιλληθής,
809 2843 965 2920 ἐπιδεῖξαι
975 2860 1036 2907 σα-

84 2943 157 3021 φῶς
174 2942 276 3003 πᾶσαν
292 2936 389 3024 ὑμῖν,
411 2939 473 3008 οὐκ
491 2943 524 3021 έξ
535 2939 680 3017 ,εἰκότων
690 2937 770 3008 οὐδὲ
781 2940 891 3023 λόγον
902 2936 986 3022 πρὸς
997 2935 1032 3004 τδ

83 3029 194 3119 παρόν
211 3039 507 3122 μεμηχανημένων,
520 3035 602 3109 ,ἀλλ’
617 3042 654 3106 έκ
664 3044 725 3105 τοῦ
736 3035 826 3120 παρδ
837 3043 940 3103 τοῖσιν
953 3032 1035 3120 ὑμῖν

82 3129 254 3217 δόξοντος,
275 3127 691 3222 ὁςδγώνομίζυ,διναλου.
722 3127 1033 3204 σκοπεῖτεδᾶκοό-

83 3244 208 3308 σαντες.
390 3252 394 3259 ’

41 3342 73 3394 11
163 3323 243 3410 λέγω
255 3351 336 3413 γαρ,
349 3353 375 3394 υ
364 3319 507 3416 ανδρες
516 3332 666 3400 δικασταὶ
672 3332 823 3417 περὶ
785 3355 841 3417 της
850 3335 1032 3417 μαρτυρίας
1153 3330 1158 3349 ’

81 3431 139 3510 τῆς
149 3425 186 3492 ἐν
196 3449 241 3512 τρι
227 3430 461 3516 γραμματείῳ
472 3381 697 3532 γεγραμμένής
706 3423 833 3509 eldam*
812 3453 892 3495 οντα
902 3452 960 3513 μοι
969 3424 1029 3494 τόν

124 3519 260 3572 Βεοιοειλι.
284 3521 343 3574 Vol.
354 3521 390 3574 11.
499 3569 507 3579 ,
574 3569 580 3575 .
794 3525 830 3578 22
