2318 3894
164 231 227 296 110
375 236 446 292 xx1.
481 213 900 324 Διιποποιινονπ

161 400 197 462 τί
209 395 359 481 ποιήσειν
377 401 508 470 οῖεσθες
529 391 562 468 ἐξ
580 385 661 455 ὅτον
679 383 819 454 δὲτοδτ’
835 381 881 453 άν
897 390 1034 474 εἰδείητε
1049 388 1111 474 ίγά

86 565 90 571 ,
163 491 297 578 φράσω·
320 497 350 560 εί
365 505 433 567 τοῖς
448 486 527 576 μετά
542 483 605 571 τὴν
614 490 819 570 χειροτονίαν
828 493 1014 571 τεκμηρίοις
1024 496 1112 555 θεω-

163 590 304 677 ρήσαιτε.
334 595 383 666 τίς
392 587 456 672 γάρ
467 587 557 653 ἐστιν
567 583 656 663 ὅστις
667 587 985 671 καταχειροτονηθὲν
996 584 1111 671 αὐτοῦ,

161 685 314 757 καὶταῦά
327 685 459 771 άσεβεῖν
470 685 544 770 περὶ
555 680 616 770 την
628 679 756 769 ἑορτὴν,
780 687 810 750 εί
818 683 874 750 καὶ
884 685 998 768 μηδείς
1009 683 1110 763 άλλος

163 782 513 871 ἐπῆνάγωνέτιμηδὲ
503 785 675 865 κίνδυνος,
698 775 881 848 οάιιάνὲπ’
897 778 989 872 αὐτῷ
1005 783 1111 873 τούτῳ

162 888 284 952 κατέδυ
301 884 355 951 καὶ
372 886 506 969 μέτριον
523 880 718 965 παρέσχεν
701 877 820 946 εαντὸν
836 877 898 945 τόν
914 905 952 963 γε
969 877 1010 964 δὴ
1022 884 1112 967 μέχρι

102 990 220 1068 ῖδοτης
230 989 367 1064 κρίσεως
377 1005 543 1073 χρονον,
528 974 672 1046 είκαὶ
617 1003 675 1097 μη
688 978 809 1056 πάντας
828 975 970 1057 ονδείς
949 977 1112 1058 οστιςουκ

161 1079 213 1149 άν.
236 1077 303 1147 ἀλλ’
317 1076 516 1163 οὐΜειδίας,
528 1072 624 1143 δάϊ’
605 1072 670 1143 απδ
683 1084 740 1160 τῆς
749 1075 872 1160 ἡμέρας
882 1075 1006 1195 ταηίτης
1016 1082 1110 1163 λέγει,

162 1182 366 1262 λοιδορεῖται,
374 1184 446 1265 βοοι
468 1188 698 1261 χειροτονεῖται
706 1181 768 1254 τις
780 1179 921 1253 Μειδίας
929 1171 1112 1261 Λναγνρα
1094 1174 1155 1231 -555

162 1280 470 1363 σιοςπροβίβληται.
502 1273 721 1358 Πλουτάρχου
738 1279 902 1361 προξενεῖ,
921 1272 1112 1363 τάπόρρητα

161 1375 262 1462 οἶδεν,
273 1373 295 1461 ἡ
306 1374 400 1452 πόλις
411 1369 515 1441 αὐτὸν
525 1370 567 1438 οὐ
576 1386 681 1457 χωρεῖ.
717 1373 886 1440 καὶταῦτα
902 1371 1012 1441 πάντα
1028 1387 1117 1442 ποιεί

161 1465 948 1560 δῆλονὸτιούδὲνάῖίοἐνδεικνύμενοςῆὅτι“ἐγώ
958 1464 1113 1540 πέπονθα

159 1571 280 1640 ((οὐδὲν
290 1568 355 1638 ὑπὸ
367 1578 423 1654 τῆς
432 1574 724 1654 καταχειροτονίας,
733 1567 811 1636 οὐδὲ
820 1571 951 1637 δέδοικα
960 1567 1040 1638 οὐδὲ
1049 1594 1112 1654 φο-

102 1688 154 1741 201
161 1677 285 1759 βοάμαι
296 1666 356 1736 τὸν
367 1671 527 1753 μέλλοντα
537 1664 678 1750 άγῶνα.”
710 1660 1113 1756 δςοάν,ω’άνδρεςἈδη-

161 1766 303 1852 ναῖοι,τό
310 1763 463 1853 μὲνὺμάς
472 1767 614 1833 δεδιέναι
623 1769 734 1841 δοκεῖν
743 1762 1068 1854 αίσχρδνὴγεῖταητό
1078 1767 1113 1836 δδ

161 1867 264 1954 μηδὲν
272 1871 457 1953 φροντίζειν
465 1863 561 1951 ὑμῶν.
569 1863 734 1950 νεανικὸν,
743 1863 1113 1936 τοῦτονοάκάποίωλέ-

161 1991 218 2033 ναι
229 1964 360 2042 δεκάκις
370 1961 543 2050 προσήκεις
556 1961 634 2031 οὐδὲ
619 1960 710 2049 ὲγάρ
722 1965 806 2043 ἕξειν
816 1962 903 2051 ὑμᾶς
913 1963 932 2032 ὅ
943 1992 976 2032 τι
991 1966 1112 2054 χρήσε-

162 2059 329 2150 σθεαύτγδ
339 2067 470 2148 νομίζει.
503 2062 676 2147 πλούσιος,
699 2060 845 2146 θρασνς,
868 2067 951 2150 μέγα
961 2073 1112 2151 φρονῶν,

161 2162 244 2247 μίγα
255 2158 789 2250 φθεγγόμενος,βίαιος,άναιδη’ς.
812 2163 1112 2265 ποῠληφθιίσετμι,

161 2258 555 2347 νῦνέάνδιακροάσηταις
715 2282 720 2288 ·

103 2381 154 2434 202
243 2357 326 2427 Ἀλλ’
341 2363 459 2482 ἔγωγε,
473 2385 488 2425 ε
490 2357 760 2444 μηδενοςένεκα
768 2367 839 2428 των
849 2359 979 2445 ἄλλων,
992 2386 1066 2429 των
1074 2386 1111 2447 γε

43 2465 47 2473 ’
163 2451 419 2544 δημηγοριῶν
391 2483 441 2523 ων
459 2457 612 2524 εκάστοτε
630 2462 823 2543 δημηγορεῖ,
845 2458 900 2526 καὶ
916 2461 955 2526 ἐν
972 2455 1021 2537 οἷς
1036 2484 1113 2527 και-

134 2599 141 2611 1
162 2570 247 2639 ροῖς,
270 2552 331 2640 τὴν
344 2560 500 2638 μεγίστην
510 2549 553 2620 άν
564 2550 668 2621 αὐτὸν
680 2559 811 2634 δικαίως
821 2553 910 2642 οἶμαι
920 2560 1018 2643 δίκην
1030 2562 1114 2626 δοῦ-

163 2676 227 2718 ναι.
252 2660 320 2718 δστε
330 2650 393 2737 γάρ
406 2650 514 2737 δήπου
524 2648 630 2736 τοῦθ’,
641 2650 692 2720 ὅτι
702 2650 762 2722 ἐάν
772 2657 834 2741 μέν
843 2681 875 2722 τι
885 2663 953 2724 τῶν
964 2655 1134 2735 δεόντων.

162 2746 357 2836 ἀπαγγελθῇ
374 2757 414 2837 τῇ
429 2747 524 2819 πόλει
534 2751 589 2818 καὶ
599 2759 750 2821 τοιοῦτον
763 2749 836 2821 οἷον
846 2752 1013 2840 εὐφράναι
1024 2755 1113 2823 πάν-

161 2873 236 2930 τας,
248 2844 399 2933 οὐδαμοῦ
409 2848 541 2916 πώποτε
551 2855 693 2930 Μειδίας
702 2878 770 2920 των
782 2857 1023 2940 συνηδομένων
1032 2852 1113 2923 οὐδὲ

102 2967 155 3022 203
161 2971 228 3013 των
240 2942 487 3031 συγχαιρόντων
497 2949 702 3036 ἐξητάσθη
670 2976 716 3016 τω
703 2947 879 3040 δήμω(
856 2978 900 3020 αν
910 2955 949 3020 δέ
956 2979 989 3021 τι
999 2958 1112 3038 φλαῦ-

114 3069 233 3137 ρον,
246 3071 264 3112 ο
250 3039 419 3131 Ημηδεδς
397 3070 441 3111 αν
450 3044 604 3132 βούλοιτο
614 3056 683 3115 τάν
693 3047 815 3132 ἄλλων,
830 3074 958 3134 πρωτος
970 3050 1111 3138 ἀνίστη-

162 3166 222 3208 κεν
234 3139 360 3220 εὐθέως
369 3144 424 3209 καί
435 3147 628 3232 δημηγορεῖ,
651 3150 858 3233 ἐπεμβαίνων
872 3175 920 3238 τω
936 3175 1043 3238 καιρφ
1030 3153 1110 3219 καί

162 3245 220 3322 τῆς
232 3245 356 3324 σιωκης
365 3235 587 3310 άπολαάων“
545 3269 608 3328 ,ην
618 3245 670 3310 ἐπὶ
681 3271 726 3335 τω
713 3247 811 3331 περὶ
820 3272 888 3314 των
899 3249 1111 3337 σομβεβηκά·

162 3362 230 3403 των
248 3336 414 3423 άχθεσθαι
430 3351 578 3410 ποιεῖσθε
595 3339 701 3427 ὑμεῖς·
738 3370 882 3413 τοιοντοι
892 3373 957 3433 γαρ
969 3350 1060 3434 ἐστε,
1081 3339 1110 3414 ά

157 3430 318 3522 (άνδρες’
314 3445 491 3525 Αθηναῖοι·
515 3439 592 3507 οὐδὲ
609 3439 674 3526 γάρ
690 3444 875 3531 ἐξέρχεσθε,
897 3443 974 3513 οὐδ’
996 3456 1109 3517 οίεσθε
