2318 3894
113 248 177 315 442
232 323 234 327 .
294 253 428 316 xxxvu.
466 248 885 327 ΔΗΜοΣοεαοεΣ
923 281 927 287 -

111 409 183 498 γμά
194 435 250 496 μοι
261 407 474 495 περιεστηκὸς
485 413 531 486 είς
542 405 682 476 ἀτοπον·
706 404 802 495 ἢγάρ
814 422 991 483 κοινωνεῖν
1001 414 1068 478 ἔδει

115 517 174 596 τῆς
185 512 338 595 ἐργασίας
354 511 410 575 καί
426 514 494 575 τῶν
510 508 704 591 ἐπιμελειῶν
719 513 765 593 τῷ
776 503 931 595 Εύέργφ,
949 502 1067 594 ἦχρή-

116 626 198 692 στην
207 605 281 675 ἀντί
290 604 413 673 τούτου
423 603 483 672 τὸν
493 603 646 691 Εὔεργον
657 611 752 691 ἔχειν,
773 607 827 673 καί
839 603 923 691 πρὸς
935 609 1067 674 ἐκεῖνον

79 746 81 751 ·
115 705 216 773 πάλιν
232 709 399 789 μίσθωσιν
414 702 558 788 γράφειν
578 703 633 770 καὶ
654 703 861 788 συμβόλαιον
880 712 1064 771 ποιεῖσθαι·

73 801 244 870 11τούτοον
255 798 284 867 θ’
299 797 478 891 οὐδέτερον
488 799 716 888 προῃρούμην.
737 799 856 886 ’ἀηδεῖς
872 799 906 868 δ’
918 806 1006 887 ἔχων
1018 796 1067 880 οἷς

114 901 198 982 λέγω
209 897 354 983 τούτοις,
373 896 455 964 ίθών
466 895 527 964 τὸν
538 899 735 983 Μνησικλέα
749 896 810 965 τὸν
820 906 974 984 πρατῆρα
983 901 1066 968 τού-

114 993 519 1082 τοονὴμίνγεγευημένον,
539 989 741 1081 προσελθύν
750 996 948 1082 ἐμεμφόμην
959 995 1064 1085 αύτηῖ,

115 1095 223 1179 λέγων
240 1088 313 1162 οἷον
330 1091 516 1175 άνθροοπον
533 1091 738 1180 προύξένησέ
746 1120 818 1214 μοι,
840 1097 896 1163 καί
906 1092 988 1173 τούς
999 1093 1064 1181 άμ-

115 1193 468 1278 φισβητούνταςκαίτί
454 1197 562 1257 ίταύτ
558 1188 707 1258 ”έστιν
686 1191 834 1277 ηρύτοον.
869 1189 1063 1288 ἀκούσαςθ’

69 1310 72 1314 ’
115 1292 242 1366 ἐκεῖνος
260 1294 328 1355 τῶν
345 1287 384 1372 με
385 1313 407 1354 ν
423 1283 724 1374 ἀμφισβητούντων
740 1292 922 1376 κατεγέλα,
940 1300 1065 1359 συνελ-

114 1382 233 1454 θελνθ’
228 1389 322 1504 ἔφη
322 1383 462 1463 τούτους
472 1385 657 1470 βούλεσθαι
668 1382 751 1471 πρὸς
761 1383 863 1474 ημάς,
882 1390 939 1454 καί
956 1388 1065 1456 συνά-

115 1491 183 1563 ξειν
194 1480 293 1560 αὐτὸς
303 1479 399 1568 ημάς,
411 1484 466 1551 καί
476 1487 690 1567 παραινέσειν
701 1484 808 1574 τούτῳ
827 1485 936 1553 πάντα
953 1500 1063 1554 ποιεῖν

73 1578 154 1651 m&
163 1584 272 1647 δίκαια
281 1581 362 1663 ἐμοὶ,
373 1581 427 1645 καί
436 1589 567 1647 οίεσθαι
577 1589 709 1649 πείσειν.
733 1578 1061 1669 ὡςθὲσυνήλθομεν,

113 1677 154 1747 τά
173 1677 234 1763 μὲν
250 1673 355 1744 πολλά
373 1682 407 1742 τί
424 1680 477 1742 δελ
489 1679 612 1760 λέγεινς
634 1671 720 1764 ἧκεν
737 1676 822 1746 ύ’ί
788 1705 807 1746 ο
808 1683 1062 1749 ίάεδανεικέναι

115 1776 299 1862 φάσκοντες
314 1773 420 1859 τούτφ
438 1775 490 1840 ἐπὶ
506 1799 552 1862 ιφ
539 1777 770 1897 ἐργαστηρίῳ
787 1781 842 1846 καὶ
855 1793 923 1858 τοῖς
934 1776 1062 1864 ἀνθρα-

113 1867 287 1957 πόδοις,“
265 1898 287 1938 α
304 1867 397 1956 ημελς
414 1839 602 1958 ἐπριάμεθα
625 1876 714 1958 παρά
731 1881 984 1964 Μνησικλέους,
1006 1878 1062 1944 καί

113 1963 243 2040 ουθὲν
221 1998 265 2058 ην
280 1967 496 2039 άπλοάνούδ’
508 1968 744 2056 ὑγιὲςτούτοιν.
768 1971 919 2042 πάνταδ’
933 1977 1060 2060 ἐξελεγ-

112 2070 247 2156 χύμενοι
263 2073 371 2155 ψευάη
381 2072 543 2154 λέγοντες,
562 2072 688 2138 καίτου
675 2076 931 2158 Μνησικλέους
939 2079 1059 2159 βεβαι-

112 2176 232 2247 οάντος
241 2164 332 2254 ἡμιν,
344 2174 590 2253 προκαλοῦνται
601 2168 813 2255 πρόκλησιντ
796 2177 881 2256 ημάς
893 2194 938 2248 ονς
950 2195 994 2236 ου
982 2166 1106 2244 ’δε-(Μ

97 2260 310 2353 ’ξομένονςμῖ
321 2271 523 2351 κομίσασθαι
536 2266 643 2354 πάντα
653 2266 693 2334 τά
703 2265 852 2353 χρήματα
862 2265 936 2355 παρ’
948 2265 1060 2335 αὐτῶν

112 2368 168 2432 καὶ
184 2361 359 2448 ἀπελθεῖν,
382 2358 403 2450 ἢ
420 2369 574 2433 διαλῦσαι
590 2373 678 2451 σφοῖς
698 2362 782 2450 ὑπὲρ
801 2357 850 2433 οἷν
867 2369 1058 2451 ἐνεκάλουν,

113 2463 302 2549 αἰτούμενοι
313 2470 427 2551 πολλῷ
437 2469 590 2542 πλείονος
600 2462 675 2543 ἀξια
685 2467 771 2550 ἔχειν
783 2455 833 2532 οὖν
843 2464 1059 2550 έθεδύκειμεν

71 2581 105 2636 13
113 2562 296 2647 χρημάτων.
320 2559 466 2642 ἀκούσας
479 2560 511 2630 θ’
524 2560 588 2647 ἐγῶ
600 2570 814 2649 παραχρῆμα,
826 2559 905 2630 ούάὲ
915 2569 1059 2648 βουλευ-

104 2659 271 2745 σάμενος,
295 2667 497 2747 κομίσασθαι
515 2661 749 2747 συνεχώρησα,
762 2663 819 2728 καί
835 2659 894 2729 τὸν
904 2659 1060 2745 Εύεργον

112 2761 233 2823 ἔπεισα.
266 2759 336 2824 ἐπεὶ
355 2756 387 2824 δ’
406 2763 471 2825 ἔδει
485 2757 525 2825 τά
545 2755 684 2844 χρήμαθ’
703 2756 791 2843 ἡμεῖς
811 2755 1060 2842 ἀπολαμβάνειν

111 2855 167 2922 καὶ
184 2849 220 2921 τό
243 2850 364 2938 πρᾶγμ’
383 2859 429 2931 είς
450 2862 549 2922 τοῦτο
568 2863 728 2940 προῆκτο,
752 2853 815 2922 ούκ
832 2859 961 2939 ἔφασαν
977 2851 1059 2939 μετά

112 2959 216 3020 ταῦτα
241 2951 361 3020 δύσειν
386 2951 505 3020 εἰκότ’
523 2956 631 3020 ἐκεῖνα
652 2951 940 3042 ἐπαγγειλάμενοι,
964 2956 995 3018 εί
1014 2950 1058 3037 μη

41 3105 46 3112 .
112 3048 493 3138 πρατηρεςγιγνοίμεθ’
474 3046 1060 3171 ημειςτύνκτημάτφναύτολς,νούν

111 3152 256 3235 ἔχοντες,
270 3177 295 3217 ω
283 3141 443 3232 άνδρες’
436 3158 622 3234 Αθηναῖοι,
635 3145 702 3214 κατ’
715 3144 798 3215 αύτό
808 3171 847 3232 γε
856 3153 971 3221 τούτο·
995 3145 1060 3214 ἐύ-

113 3269 184 3366 ρφν
198 3245 261 3330 γάρ
272 3243 359 3331 ημάς
375 3241 428 3313 οἷα
446 3243 782 3332 ἐσυκοφαντούμεθ’
764 3270 831 3312 νπο
846 3245 985 3314 τούτοιν.
1014 3240 1059 3323 ὡς

112 3334 176 3409 ουν
194 3342 249 3408 καί
266 3348 348 3407 ταῦτ
353 3339 486 3429 ’ἀληθη
501 3349 604 3428 λέγω,
628 3343 845 3431 λαβέμοικαί
861 3339 1059 3420 ταύταςτὰς

112 3443 302 3524 μαρτυρίας.
396 3484 402 3497 ·
