2318 3894
320 205 463 266 ΠΡΟΣ
483 204 795 311 ΟΝΗΤΟΡΑΙΑ.
887 206 927 279 ’,
968 207 1032 274 353

57 390 123 451 ςμε
140 367 176 435 ἐκ
193 363 313 449 ταύτης
318 369 387 482 τής
401 368 484 450 γής,
505 360 801 448 προίστάμενονδ’
819 364 911 432 ἐπ”
890 389 1033 445 ἀποστε-

82 462 207 551 ρήσει
186 470 254 556 των
264 463 353 547 ἐμύν
361 456 507 546 Ἀφόβου
520 462 574 527 καὶ
585 460 724 540 τούτους
734 459 943 552 ὑπομένοντα
953 464 1032 545 τούς

82 560 230 645 ἀγῶνοις,
248 558 337 633 ούτω
326 557 503 676 μεγάλοις
512 564 698 645 τεκμηρίοις
708 552 763 628 καὶ
773 575 930 647 φανεροῖς
940 563 1033 648 ἐλέγ

81 683 150 743 γοις
170 654 259 725 ὥσθ’
271 653 360 775 ὑμᾶς
376 679 524 735 απαντας
539 663 689 725 τίσεσθαι
700 664 816 745 σαφκός
834 657 884 727 ὅτι
899 664 1031 740 δικαίως

82 757 136 824 καὶ
151 754 385 843 προσηκόντως
399 744 497 837 ούτος
514 752 631 838 φεύγει
646 753 771 840 ταύτην
791 751 839 823 ἀπ
843 753 1005 842 ’ἐμοῦ
964 783 1031 843 ,την

83 858 187 939 δίκην.
209 851 295 920 ὅθεν
306 853 341 921 δέ
355 853 458 941 ῥᾷστα
471 851 669 938 μαθήσεσθε
681 854 756 940 περὶ
767 851 895 941 αύτοΞν,
917 856 1031 923 ἐντεύ-

81 948 174 1018 θεν’
157 959 249 1036 υμοῖς
252 952 307 1019 καί
319 951 383 1034 ἐγω
395 956 527 1034 πρῶτον
538 947 735 1035 πειράσομαι
747 950 925 1019 διδάσκειν.

56 1070 73 1124 6
162 1045 243 1133 Ἰύγω
259 1045 341 1134 γάρ,
356 1073 382 1114 ω
369 1037 513 1129 ’ἀνδρες
524 1048 688 1133 δικασταὶ,
703 1048 846 1126 πολλούς
860 1073 895 1117 τι
909 1047 1031 1128 ἀλλους

78 1143 331 1232 Ἀθηναίωνκαὶ
354 1150 475 1212 τούτου
490 1140 551 1211 ούκ
569 1097 760 1212 ἐλύνθάνον
777 1171 886 1224 κακοος
876 1149 1031 1231 ἐπιτρο-

82 1266 275 1329 πευομενος,
284 1235 382 1310 αλλ
360 1237 602 1337 ηνκαταφανής
612 1238 718 1319 εὐθύς
730 1238 962 1327 ἀδικούμενος·
975 1267 1032 1309 το-

83 1347 201 1408 σαῦται
215 1364 382 1426 πραγματε
384 1352 430 1405 ίαι
384 1323 499 1405 ίκαί
508 1338 600 1423 λόγοι
610 1339 664 1404 καὶ
675 1335 764 1419 παρά
775 1343 821 1426 τῷ
833 1335 966 1423 ἀργοντι
977 1341 1032 1458 κρὶ

82 1435 171 1521 παρὰ
184 1449 251 1514 τοῖς
264 1433 375 1514 ἀλλοις
386 1438 556 1521 ἐγίγνοντο
570 1431 655 1519 ύπέρ
666 1459 734 1500 τοον
747 1403 845 1520 ἐμάν.
867 1433 904 1501 τό
919 1462 954 1503 τε
966 1435 1047 1557 γὰρ’·

84 1543 215 1621 πλῆθος
240 1561 309 1603 των
335 1522 673 1618 καταλειφθέντων
650 1558 695 1617 ην
719 1529 887 1619 φανερὰν,
913 1558 972 1604 οτι
996 1558 1015 1599 τ

81 1632 274 1719 ἀμίσθωτον
294 1629 354 1701 τὸν
369 1630 464 1705 οἶκον
484 1633 623 1700 ἐποίουν
645 1634 680 1699 οί
699 1635 997 1718 διαχειρίζοντες,”
981 1628 1022 1698 ιν’

80 1729 227 1801 αὐτοὶ
189 1756 229 1797 τα
248 1729 395 1815 χρήματα
412 1741 612 1816 καρποῖντο,
636 1727 699 1797 ούκ
709 1722 883 1851 ἀδηλον’
860 1755 914 1850 ην..
947 1727 1029 1799 ὥστ’

80 1829 118 1893 ἐκ
128 1852 196 1892 των
205 1826 462 1911 γιγνομένων
422 1853 484 1899 ουκ
495 1824 596 1895 ἐσθ’
576 1848 666 1907 οστις
677 1854 737 1914 ουχ
747 1825 856 1914 ηγελτο
866 1854 934 1895 των
945 1828 1033 1897 εἰδό-

81 1948 149 1991 των
165 1926 262 2007 δίκην
279 1947 319 2007 με
337 1922 503 2007 λήψεσθαι
521 1923 601 2008 παρ’
615 1923 747 2010 αὐτῶν,
773 1924 884 2012 ἐπειδή
904 1922 1029 2011 τάχιστ’

58 2019 168 2106 γάνήρ
180 2019 264 2088 εἶναι
282 2023 577 2106 δοκιμασθείηνηέ
578 2016 665 2099 νοῖς
681 2021 737 2089 καί
753 2020 957 2107 Τιμοκράτης
977 2025 1051 2090 ταδ’

79 2118 223 2203 Ονητωρ
235 2142 360 2202 ταυτην
371 2122 497 2202 ἔχοντες
519 2114 747 2187 διετέλεσαν
705 2142 773 2202 την
783 2117 944 2185 διανοιαν
978 2143 1032 2189 τι·

82 2213 270 2299 αμήριονδδ
280 2214 415 2284 πάντων
425 2218 587 2300 μέγιστον
603 2240 701 2294 ουτος
711 2241 775 2300 γαρ
789 2216 959 2302 ἐβουλήθη
970 2216 1032 2302 μὲν

79 2311 212 2397 Ἀφόβρι
225 2309 391 2389 δουναι
355 2337 417 2397 την
430 2309 635 2397 ἀδελφήν,’
617 2320 709 2396 οριδν
721 2337 779 2398 της
795 2318 828 2380 τ
841 2309 947 2381 αύτού
967 2337 1032 2380 πα-

85 2408 193 2498 τρῴας
206 2407 322 2488 ούσίας
340 2411 396 2479 καί
415 2417 473 2496 τῆς
487 2413 565 2496 ἐμῆς
578 2408 642 2479 ούκ
660 2408 773 2496 ὀλίγης
793 2406 897 2478 αύτδν
908 2410 1034 2496 κύριον

85 2510 500 2592 γεγενημένον,“προέσθαι
514 2509 550 2576 δέ
560 2506 623 2596 τήν
632 2505 742 2596 προῖκ’
754 2505 819 2579 ούα
832 2511 1032 2594 ἐπίστευσεν,
1041 2538 1092 2594 ρης

82 2604 197 2688 ὥσπερ
212 2600 293 2673 ιίτά
305 2612 374 2681 τοῖν
388 2607 675 2691 ἐπιτροπευόντων
686 2605 833 2694 χρήματα
844 2604 1033 2694 ἀποτίμημα

82 2717 149 2781 τοῖς
158 2704 467 2790 ἐπιτροπευομένοις
476 2706 683 2795 καθεστάναι
692 2710 842 2792 νομίζων.
869 2701 1032 2792 ἀλλά”τήν

82 2801 144 2883 μὲν
155 2798 304 2884 ἀδελφήν
316 2805 434 2888 ἔδωκε,
456 2799 519 2889 τήν
535 2804 573 2874 δὲ
589 2801 698 2887 προῖκ’
722 2801 812 2893 αύτῷ
828 2801 1033 2889 Τιμοκράτης

83 2897 136 2964 ἐπὶ
145 2893 236 2967 πέντ’
251 2894 382 2981 ὀβολοῖς
392 2897 583 2986 ὀφειλήσιαι
594 2897 817 2986 ἀμολύγησεν,
830 2891 1032 2987 ρλπρότερον
1138 2910 1142 2917 ’

56 2989 102 3078 μή
121 2991 206 3078 γυνή
224 3003 426 3071 συνοικοῦσα
442 2997 629 3081 ἐτύγχανεν.
662 2993 825 3079 ὀφλόντος
843 2996 882 3060 δέ
897 3019 955 3078 μοι
969 2992 1032 3078 τήν

83 3095 180 3175 δίκην
188 3087 334 3175 Ἀφόβου
343 3097 401 3175 τής
411 3093 587 3176 ἐπιτροπῆς
603 3092 658 3163 καί
674 3089 776 3161 οὐδὲν
786 3093 915 3157 δίκαιον
925 3102 1032 3157 ποιείν

82 3192 273 3272 ἐθέλοντος,
291 3187 440 3255 διαλύειν
450 3189 512 3273 μὲν
521 3185 607 3274 ήμάς
612 3185 758 3274 Ὀνήτωρ
772 3183 848 3255 οὐδ’
864 3189 1031 3308 ἐπεχείρη-

84 3306 160 3372 σιν,
182 3282 244 3353 οάκ
257 3274 476 3379 ἀποδεῶικως
492 3285 529 3357 δέ
545 3284 608 3374 τήν
623 3298 755 3372 προῖκα,
767 3281 840 3353 ἀλλ’
851 3281 951 3364 αάτδς
966 3284 1030 3353 κύ-

85 3411 155 3530 ριιίξ
166 3410 225 3468 ων,
237 3410 282 3529 ξος
285 3380 596 3532 μηοήῐελοατυίας
555 3412 613 3471 της
624 3383 833 3535 αδελφηςκέὶ
843 3380 924 3463 δους
933 3388 1029 3473 κομί-
1102 3480 1104 3485 ,

154 3487 237 3531 ernost
311 3497 324 3530 ο
