2318 3894
33 298 49 319 ,
110 280 113 285 <
156 244 209 308 82
382 250 454 307 xxl.
485 236 905 307 ΔΗΜΟΣΘΕΝΟῬΣ

166 408 234 475 ἐστι
250 407 306 474 καὶ
322 405 500 492 βδελυρός;
521 410 625 470 ταῦτα
641 403 707 487 γάρ
720 406 788 471 ἐστι
798 399 944 490 τάληθῆ·
967 400 1054 471 ἀλλά
1065 431 1123 490 μι-

167 501 402 588 σείνόφείλετ’,
422 529 447 569 ω
437 496 597 584 ανδρες
590 509 773 586 Αθηναῖοι,
796 500 906 586 δηιιου
916 527 997 580 τους
1006 526 1122 568 τοιου

165 628 243 680 τους
256 595 416 688 μᾶλλονή
427 599 551 678 σώζειν.
586 595 725 666 ἀλλ’ὅτι
736 596 895 676 πλουσιος
907 600 1013 678 ἐστιν;
1036 595 1121 666 ἀλλά

165 700 266 768 τοῦτο’
276 726 314 785 γε
324 705 381 784 τῆς
392 696 520 784 ὕβρεως
531 693 636 762 αὐτου
624 693 766 780 ’σχεδὸν
776 705 883 763 αἴτιον
894 686 1051 782 εὑρήσετε
1068 692 1120 781 δν,

167 796 234 864 ώστ
238 794 404 880 αφελειν
410 820 473 880 την
483 819 657 880 αφορμην,
681 790 760 861 δι’“
737 820 781 880 ην
796 790 936 880 ὑβρίζει,
959 794 1121 882 προσήκει

167 890 327 982 μᾶλλονή
339 902 443 961 σώσαι
453 892 507 961 διά
517 894 657 979 ταύτην·
674 892 712 961 τδ
724 889 787 976 γὰρ
798 891 977 977 χρημάτων
987 893 1121 961 πολλῶν

166 992 301 1076 θρασάν
310 995 366 1060 καὶ
376 990 601 1079 βδελνρὸνκαλ
612 999 766 1059 τοιοῦτον
774 988 959 1075 ἀνθρώπων
968 990 1128 1059 έδινεέναι

123 1103 158 1169 99
168 1091 287 1176 κύριον
297 1089 454 1176 ἀφορμήν
465 1094 553 1157 ἐστιν
564 1087 618 1175 ἐφ’
632 1087 717 1175 ὑμᾶς
727 1085 850 1165 αὐτοὺς
867 1091 1058 1157 δεδωκέναι.
1090 1097 1138 1173 τί,

168 1182 231 1256 οὖν
241 1185 441 1268 ὑπόλοιπονς
453 1193 582 1275 ἐλεῆσαι
591 1185 633 1274 νή
644 1193 725 1271 Δίαζ
749 1185 863 1254 παιδία
874 1185 938 1273 γάρ
950 1188 1121 1276 παραστή-

67 1334 70 1340 -
166 1306 256 1355 σεται
267 1289 466 1372 ιιαλκλαήσει
476 1291 531 1356 καὶ
540 1285 670 1364 τούτοις
679 1281 784 1351 αὑτὸν
792 1284 1006 1371 ἐξαιτήσεται·
1021 1293 1120 1354 τοῦτο

100 1448 104 1457 .
167 1385 293 1454 λοιπόν.
313 1383 381 1454 ἀλλ’
397 1396 466 1454 λστε
477 1387 586 1472 δήπου
597 1383 649 1452 ὅτι
659 1380 739 1460 τοὺς
750 1379 871 1460 ἀδίκως
880 1409 912 1449 τι
923 1382 1118 1470 πάσχοντας,

168 1480 188 1551 δ
196 1482 240 1570 μή
256 1484 457 1569 δυνήσονται
469 1485 600 1568 φέρειν,
617 1485 721 1549 ἐλεεῖν
732 1480 907 1566 προσήκει,
929 1481 972 1551 οὐ
982 1479 1064 1562 τοὺς
1075 1475 1120 1549 ών

168 1581 365 1666 πεποιήκασι
383 1586 503 1647 δεινοῖν
522 1585 618 1665 δίκην
636 1579 797 1657 διδόντας.
830 1582 885 1647 καλ
902 1584 950 1658 τίς
966 1576 1011 1648 ἀν
1027 1579 1118 1649 ταῦτ’

168 1676 310 1762 ἐλεήσειε
328 1681 477 1758 δικαίως,
500 1675 591 1760 δρών
608 1674 648 1744 τά
669 1680 768 1744 τοῦδε
785 1674 847 1744 οὐκ
864 1679 1046 1763 έλεηθέντα
1056 1676 1118 1745 ἀπὸ

167 1773 305 1857 τούτου,
329 1771 407 1863 ἀτη
423 1782 486 1842 τοῦ
502 1771 625 1861 πατρὸς
640 1783 801 1862 συμφορᾷ
816 1778 915 1860 χωρὶς
932 1777 1121 1846 τώνάλλων

167 1881 280 1941 κακῶν
301 1870 375 1939 οὐδ’
400 1875 594 1959 ἐπικουρίαν
615 1876 759 1941 ἐνοῦσαν
781 1869 855 1961 ὁρηῖ.
889 1871 931 1940 οὐ
949 1875 1018 1962 γάρ
1035 1879 1118 1945 ἐστιν

168 1970 301 2055 ὄφλημα
312 1967 333 2037 δ’
343 1993 374 2037 τι
384 1969 445 2056 χρή
458 1976 645 2038 καταθέντα
654 1973 803 2057 ἐπίτιμον
811 1973 970 2056 γενέσθαι
977 1975 1117 2057 τουτονὶ,

169 2065 242 2136 ἀλλ’
256 2065 369 2147 ἀπλώς
380 2067 487 2148 οὕτως
497 2066 656 2155 ἠτίμωται
667 2077 708 2155 τῇ
718 2070 807 2157 ῥύμη
817 2077 875 2156 της
886 2067 988 2158 ὀργῆς
999 2075 1149 2158 aalma

111 2166 531 2255 ιςοῧβρεωςτήςΜειδίον.
551 2174 599 2247 τίς
609 2160 673 2236 οὖν
683 2165 827 2254 ὑβρίζων
838 2167 1000 2238 παύσεται
1010 2172 1067 2239 καὶ
1076 2165 1115 2239 δι’

170 2264 192 2335 ἃ
208 2274 312 2334 ταῦτα
330 2283 419 2336 ποιεί
428 2268 577 2355 χρήματα
589 2264 866 2353 ἀφαιρεθήσεται,
891 2274 922 2336 εἰ
930 2277 1053 2339 τοῦτον
1062 2269 1118 2357 μὲν

170 2365 281 2453 ώσπερ
293 2365 387 2436 δεινά
399 2367 568 2452 πάσχοντα
578 2365 743 2452 ἐλεήσετε,
760 2371 792 2432 εί
801 2369 839 2433 δέ
849 2392 897 2445 τις
908 2371 1011 2454 πένης
1020 2367 1118 2455 μηδὲν

99 2539 101 2545 ,
168 2462 333 2551 ήδικηκώς
343 2479 413 2542 ταῖς
425 2464 573 2549 ἐσχάταις
584 2476 769 2548 συμφοραῖς
781 2461 900 2543 ἀδίκως
915 2461 983 2533 ὑπὸ
999 2467 1117 2534 τούτου

170 2565 411 2646 περιπέπτωκε,
422 2562 530 2650 τούτῳ
543 2559 575 2628 δ’
588 2558 666 2627 οὐδὲ
677 2562 1003 2649 συνοργισθήσεσθες
1017 2569 1117 2652 μηδα-

169 2666 253 2745 μῶς·
274 2660 383 2737 οὐδεὶς
392 2659 457 2745 γάρ
470 2661 538 2727 ἐστι
549 2663 674 2738 δίκαιος
685 2661 860 2746 τυγχάνειν
871 2664 966 2730 ἐλέου
975 2670 1046 2731 τῶν
1059 2688 1117 2749 μη-

171 2761 250 2825 δένα
262 2756 447 2824 ἐλεούντων
457 2754 536 2825 οὐδὲ
548 2758 745 2846 συγγνώμης
754 2766 823 2826 τών
837 2755 1116 2847 ἀσυγγνωμόνων.

112 2877 162 2931 101
171 2854 235 2942 ἐγώ
247 2853 311 2942 γάρ
323 2854 414 2941 οἶμαι
425 2856 551 2936 πάντας
561 2855 764 2944 ἀνθρώπους
774 2859 890 2943 φέρειν
906 2853 1025 2937 ἀξιοῦν
1042 2853 1116 2942 παρ’

172 2950 284 3022 αὑτῶν
292 2959 337 3030 είς
345 2951 604 3040 τὸνβίουαδτοίς
612 2961 732 3043 ἔρανον
741 2952 829 3041 παρὰ
839 2952 937 3022 πάνθ’
947 2954 1119 3041 ὅσαπράτ-

173 3055 301 3136 τονσιν,
313 3046 385 3119 οἷον
397 3052 460 3137 ἐγώ
471 3081 518 3133 τις
529 3052 643 3122 οὑτοσὶ
653 3057 783 3141 μέτριος
793 3052 876 3139 πρὸς
885 3051 1037 3133 ἀπαντάς
1048 3059 1118 3139 είμι,

174 3150 339 3236 ἐλεήμων,
363 3144 402 3219 εὖ
412 3162 518 3221 ποιών
529 3154 688 3232 πολλούς·
711 3150 813 3220 ἀπασι
825 3148 1028 3242 προσήκει
995 3159 1044 3219 τώ
1055 3177 1120 3220 τον

172 3272 261 3336 ουτω
272 3244 375 3316 ταυτα
386 3254 562 3337 εἰσφέρειν,
570 3251 697 3319 ἐαστου
707 3245 954 3336 καιροςηχρεία
962 3256 1119 3336 παραστη
1140 3282 1143 3287 ·

134 3367 137 3374 ·
174 3337 336 3431 ἕτερος
293 3347 392 3425 ουτος
402 3374 450 3428 τις
461 3356 583 3437 βίαιος,
601 3346 777 3416 ουδένα
735 3375 795 3415 ουτ
799 3346 928 3415 ’ἐλεῶν
944 3347 1027 3417 ουδ’
1040 3348 1120 3424 ὅλως

174 3440 392 3530 ἀνθρωπον“
373 3448 572 3535 ηγοάμενος·
596 3446 703 3538 τοάτφ
714 3445 772 3527 τὰς
788 3443 849 3534 ὁμο
851 3454 903 3527 ίας
918 3448 1029 3535 φοράς
1044 3439 1118 3534 παρ’
