2318 3894
170 225 233 290 100
384 228 454 285 κιο.
487 222 907 285 Δεωοεουαοοε
949 304 951 308 ι

111 400 162 457 163
171 397 238 464 τοῖς
255 383 336 470 μετὰ
353 390 457 450 ταῦτα
474 389 673 465 πραχθεῖσιν
689 375 743 446 ὑπ’
763 376 877 447 αὐτοῦ.
918 372 955 446 τὸ
979 381 1042 464 μέν
1058 377 1120 465 γὰρ

170 491 324 570 πρῶτον,
348 478 600 561 ὡςούκέδδυει,
621 475 870 563 προίαύσηςτής
887 480 1121 562 έκκλησίαςκαλ

115 608 118 613 ·
171 583 280 668 λόχων
291 580 508 666 γιγνομένων,
516 583 647 664 τήςτοῖν
659 578 786 643 ἱππέων
796 581 955 662 βοηθείας
965 572 1119 660 ήδηδεῑν,

171 679 239 749 ἀλλ’
259 674 484 745 ἀνεπεπτώκει
500 671 540 742 τδι
558 681 616 761 τής
632 674 772 757 ἐξόδου,
793 671 857 741 οὐκ
877 670 1057 761 ἀνέβαινεν
1071 674 1121 740 ε’κὶ

171 780 233 897 τήν
245 785 332 845 ναῦν
349 773 392 862 ήν
410 777 591 858 ἐπέδωκεν,
614 770 697 840 ἄλλα
716 770 777 840 τδν
792 773 949 868 μέτοικον
965 773 1121 857 ἐξέπεμψε

85 951 92 958 ,
171 904 231 945 τον
241 874 438 967 Αίχυπτιον,
446 875 636 959 Παμφιλον,
644 896 746 950 αυτος
756 872 843 939 δὲ
801 897 912 956 μενων
922 872 1048 939 ἐνδαδε
1057 883 1120 949 τοῖς

171 981 365 1052 Διονυσίοις
385 972 595 1054 διεπράττετο
617 978 700 1037 ταῦτ
704 967 780 1054 ’ἐφ’
800 964 937 1048 ολςνυνλ
959 975 1117 1054 κρίνεται

109 1088 160 1143 164
171 1071 281 1159 ἐπειδή
303 1069 370 1140 δὲ
354 1098 371 1138 ο
390 1067 571 1156 στρατηγὸς
589 1075 731 1136 Φωκίων
753 1070 973 1153 μετεπέμπετο
995 1065 1120 1146 τοδςέξ

167 1170 476 1256 Ἀργούραςίππέας
487 1167 585 1237 ἐπὶ
550 1194 611 1252 την
623 1164 780 1252 διαδοχήν
790 1169 845 1233 καὶ
855 1172 1052 1252 κατείληπτο
1063 1185 1121 1233 σο·

171 1270 359 1356 φιζόμενυς,
381 1267 455 1335 τότε
471 1292 489 1334 ο
480 1264 610 1344 δειλος
626 1266 682 1333 καὶ
696 1265 879 1349 κατάρατος
890 1263 1006 1332 οὑτοσὶ
1016 1263 1120 1333 λιπών

170 1369 232 1454 τήν
243 1370 341 1449 τάξιν
351 1367 486 1488 ταύτην
495 1363 720 1450 έπιτήνναῦν
731 1389 848 1453 ωχετο,
871 1355 966 1431 καλ
937 1390 987 1431 ων
998 1366 1120 1447 ίπτταρ-

170 1483 239 1552 χεῖν
249 1465 367 1551 ήξίωσε
378 1462 452 1547 παρ’
466 1463 547 1549 ὑμῖν
559 1467 694 1549 ἱππέων,
711 1463 841 1544 τούτοις
851 1488 893 1532 ου
881 1460 1118 1551 ’συνεξῆλθεν

135 1586 137 1591 ·
173 1591 201 1632 ει
197 1563 246 1631 δ
260 1568 297 1631 ἐν
308 1590 347 1649 τη
334 1563 509 1649 θαλάττῃ
521 1561 679 1640 κίνδυνός
690 1589 738 1640 τις
755 1556 818 1649 ήν,
836 1571 882 1643 είς
902 1563 964 1650 τήν
977 1572 1044 1652 μήν
1060 1568 1121 1650 δή·

110 1681 160 1734 165
170 1670 229 1729 λου
247 1658 298 1728 ὅτι
315 1657 402 1749 ᾤχετ’
417 1659 469 1727 ἅν.
502 1657 548 1754 06
562 1657 629 1745 μήν
645 1660 835 1748 Νικήρατός
852 1688 889 1748 χε
905 1661 1045 1743 οὕτωςὸ
1060 1671 1121 1731 τοῦ

169 1764 292 1828 Νικίου
303 1756 469 1842 ἀγαπητὸς
479 1771 565 1844 πασς,
579 1755 598 1826 6
610 1760 821 1845 παντάπασιν
832 1759 984 1848 ἀσθενής
995 1763 1121 1852 1666-

169 1884 260 1944 ματα
275 1855 349 1924 οὐδ’
361 1855 549 1942 Εὐκτήμων
559 1854 577 1924 ὁ
589 1865 651 1925 τοῦ
657 1858 1034 1946 Αίσίωνος,οδχόήτως·
1045 1858 1118 1931 οὐδ’

168 1954 375 2042 Εὐθύδημος
385 1951 403 2023 6
413 1963 476 2023 τοῦ
486 1960 750 2041 Στρατοκλέους·
772 1958 842 2028 ἀλλ’
855 1957 968 2027 αὐτῶν
983 1962 1121 2039 ἕκαστος

170 2051 258 2122 έκιδν
269 2051 403 2134 ἐπιδοὺς
413 2054 529 2141 τριήρη
541 2053 604 2123 οὐκ
616 2053 852 2144 ἅπέδραταύτη
862 2055 924 2145 τήν
934 2064 1120 2144 στρατείαν,

169 2151 253 2221 ἀλλὰ
272 2151 333 2240 τήν
350 2151 412 2239 μὲν
429 2156 600 2240 [ἐπίδοσιν]
617 2157 654 2222 έν
669 2155 801 2240 χάριτος
817 2157 911 2242 μέρει
927 2159 983 2223 καί
995 2161 1121 2241 δωρεᾶς
1148 2200 1152 2220 .

91 2328 96 2335 ¹
169 2267 325 2339 παρεῖχον
337 2255 503 2322 πλέουσαν
514 2261 555 2340 τῇ
566 2253 671 2338 πόλει,
693 2245 736 2321 οὗ
748 2250 811 2321 δ’ὁ
824 2253 926 2339 νόμος
937 2257 1117 2340 προσέτατ-

167 2376 242 2437 τεν,
261 2356 408 2421 ἐνταῦθα
427 2367 494 2432 τοῖς
511 2352 662 2437 σώμασιν
673 2349 768 2421 αὐτοὶ
779 2360 982 2437 λειτουργεῖν
992 2349 1117 2439 ήξίουν

109 2465 161 2521 166
170 2446 236 2516 αλλ
249 2448 337 2534 οὐχο
325 2448 510 2535 ’ἵππαρχος
521 2454 681 2527 Μειδίας,
703 2447 786 2516 ἀλλά
804 2449 865 2534 τήν
876 2451 912 2516 ἐκ
923 2475 992 2516 των
1004 2449 1119 2537 νόμων

170 2546 264 2623 τοίξιν
274 2544 391 2629 λιπών,
403 2571 446 2613 ου
433 2539 557 2647 δίκην
568 2543 695 2629 ὀφείλει
706 2573 745 2634 τη
734 2548 852 2617 πολει
864 2553 1001 2666 6062166,
1024 2546 1116 2619 τοῦτ’

170 2645 208 2709 ἐν
224 2639 413 2727 εὐεργεσίας
429 2630 608 2727 ἀριθμήσει
626 2645 727 2728 μέρει.
758 2652 865 2714 καίτοι
881 2644 944 2733 τήν
959 2646 1119 2734 τοιαύτην

152 2747 393 2859 τριηραρχίαν,
403 2767 429 2807 ω
441 2738 525 2825 πρὸς
535 2748 637 2826 θεων,
648 2742 792 2828 πότερον
802 2752 962 2814 τελωνίαν
970 2748 1028 2815 καλ
1037 2770 1120 2815 πεν-

168 2837 333 2924 τηκοστήν
343 2840 399 2907 καὶ
409 2843 603 2918 λιποταξίαν
620 2866 675 2908 και
664 2842 856 2925 στρατείας
866 2842 1118 2926 δπόδρασιντιαλ

168 2935 277 3004 πάντα
288 2935 328 3004 τδ
340 2943 477 3005 τοιαῦτα
488 2934 642 3025 ἁρμόττει
652 2949 776 3024 καλεῖν,
795 2966 815 3025 η
803 2936 1035 3027 φιλοτιμίανς
1056 2940 1119 3021 οὐ·

168 3035 247 3101 δένα
262 3034 326 3122 γὰρ
344 3034 471 3120 τρόπον
486 3035 588 3104 ἄλλον
606 3040 643 3105 έν
658 3051 726 3114 τοῖς
737 3041 893 3106 ἱππεῦσιν
902 3039 1008 3108 αὐτὸν
1017 3039 1119 3129 ἇτελή

167 3137 302 3223 ποιήσαι
318 3139 488 3216 στρατείας
506 3135 693 3221 δυνάμενος
699 3135 825 3222 ταύτην
840 3136 960 3223 εὕρηκε
973 3144 1119 3220 Μειδίας

81 3276 87 3287 .
167 3227 288 3315 καινήν
303 3233 522 3318 ίππικήςτιυδ
543 3234 777 3320 πεντηκοστήν.
807 3237 863 3302 καλ
871 3232 938 3320 χεὶρ
948 3228 1115 3307 αὖποῦτο.

39 3381 44 3389 .
106 3332 235 3400 167τιῖν
253 3327 365 3396 ἄλλων
378 3327 536 3399 ἁπάντων
552 3337 621 3400 τῶν
635 3332 818 3400 ἐπιδόντων
834 3335 1041 3421 τριηράρχων
1052 3360 1117 3403 πα·

167 3427 410 3512 ραπεμπόντων
427 3426 530 3517 ὑμᾶς,
553 3427 608 3497 ὅτε
618 3427 706 3518 δεῦρ’
720 3427 891 3501 ἀπεπλείτε
908 3435 943 3500 ἐκ
960 3433 1115 3519 Στύρων,
