2318 3894
299 242 462 306 -ΠΡΟΣ
472 241 844 306 ΝΑῬΣΙΜΑΧΟΝ.
989 240 1052 308 461

107 407 163 472 καί
178 402 239 490 τῆν
257 401 425 489 ὀρφανίαν
442 398 645 486 ὀδυρεῖσθαι,
657 399 782 469 καὶτὸν
804 409 861 488 τῆς
877 409 1052 489 ἐπιτροπῆς

107 499 209 587 λόγον
218 505 386 583 διεξιέναι·
408 496 561 565 καίταύτ’
574 495 658 565 εἰναι
679 499 733 566 καί
754 496 883 566 τοιαῦθ’
896 494 944 578 οἷς
955 523 1052 566 πεπν

63 620 97 672 νο
106 597 263 666 στεύκασι
277 600 332 665 καί
349 593 390 689 όί,
400 588 450 664 τόν
461 592 547 681 ύμάς
558 595 771 681 ἐξαπατήσειν
783 605 918 665 οἰονται.
939 597 1005 683 ἐγω
1016 596 1064 666 δὲ

105 693 142 763 τό
155 695 216 782 μὲν
225 703 294 762 των
305 698 408 761 δικῶν
418 696 560 780 μέγεθος
571 701 639 761 τοῖν
654 695 728 761 τότε
745 703 931 782 ληχθεισῶν
942 701 1052 782 μεῖζον

104 792 250 881 ῆγούμαι
270 791 448 877 τεκμήριον
467 789 548 878 ἡμῖν
568 790 653 858 εἰναι
681 788 726 867 ὡς
754 788 1010 880 ἐσυκοφαντεῖτο
1031 789 1049 861 ὁ

106 891 213 977 πατῆρ
243 885 266 977 ῆ
287 890 416 967 τούτοις
450 887 494 968 ἀς
516 886 621 955 πολλοὶ
643 886 902 975 ἀπεστερούντο.-
928 885 1052 977 ὀγδοή-

104 1014 207 1056 κοντα
219 988 280 1074 μὲν
288 985 352 1072 γάρ
363 984 491 1059 τάλαντ’
502 992 585 1072 ἔχων
591 989 766 1072 ἐξελέγχειν
781 986 860 1083 ούθὲ
873 988 919 1069 εἷς
929 985 1052 1076 ἀντρία

104 1085 219 1174 λαβύν
235 1085 406 1172 ἀπηλλάγη
416 1102 427 1125 ·’
445 1085 615 1153 τοσούτων
631 1085 667 1153 δὲ
682 1087 862 1172 χρημάτων
878 1088 1052 1174 ἐπιτροπῆς

105 1186 256 1272 φεύγων,
277 1183 386 1264 οὐδεὶς
403 1185 492 1253 ἔστιν
504 1183 596 1264 ὅστις
604 1182 667 1252 ούκ
677 1181 720 1251 ἀν
732 1189 833 1253 ἔδωκε
845 1192 919 1270 τρία
930 1182 1053 1252 τάλαν-

103 1311 154 1370 τα,
166 1283 226 1353 τόν
236 1290 397 1353 κίνόυνον
408 1280 597 1369 ἀνούμενος
608 1285 663 1351 καὶ
674 1280 714 1350 τά
727 1283 827 1369 φύσει
837 1283 910 1354 τότε
921 1283 1052 1362 τούτοις

104 1382 370 1469 πλεονεκτήματα
381 1379 580 1476 ὑπάρχοντα.
615 1384 668 1449 καί
685 1380 749 1468 γάρ
761 1379 906 1467 ὀρφανοὶ
917 1383 972 1448 καὶ
983 1384 1052 1448 νέοι

104 1481 159 1547 καί
170 1475 281 1548 ὁποῖοί
285 1483 372 1559 τινές
384 1486 468 1548 εἰσιν
485 1478 629 1566 ἀγνῶτες
639 1473 742 1567 ἦσαν’
763 1489 866 1548 ταῦτα
886 1480 922 1550 δὲ
933 1482 1052 1556 πάντες

104 1581 185 1664 φασὶ
194 1576 349 1664 μεγάλων
360 1585 497 1647 δικαίων
508 1579 634 1666 ἰσχύειν
644 1581 745 1648 πλέον
755 1577 829 1662 παρ’
840 1576 927 1665 ύμῖν.

59 1699 93 1753 21
178 1676 250 1746 Ὅτι
269 1685 386 1745 τοίνυν
406 1673 480 1744 οὐδ’
505 1674 696 1762 ἀνάσχοισθ’
717 1671 760 1744 ἀν
781 1675 893 1745 αύτων
914 1676 1051 1754 εἰκότως

102 1771 202 1842 οὐδὲν
213 1777 287 1861 περὶ
297 1781 356 1861 τῆς
365 1778 561 1865 ἐπιτροπῆς,
580 1777 636 1844 καί
646 1771 733 1843 τοῦτ’
754 1771 844 1861 οἶμαι
868 1767 1052 1855 θειῖειν.ἐί

101 1869 166 1956 γάρ
183 1868 227 1948 ὡς
243 1866 367 1938 οἷόντε
385 1869 503 1956 μέγιστ’
517 1871 698 1959 ῆόικῆσθαι
716 1875 786 1959 δοίη
803 1864 858 1952 τις
872 1871 1051 1953 αὐτοῖςκαὶ

101 1972 187 2053 ἐρεῖν
197 1966 327 2035 ἅπαντα
337 1965 467 2053 τάληθῆ
478 1971 552 2052 περὶ
562 1970 691 2053 τούτων
701 1971 788 2054 νννί,
805 1971 910 2038 ἐκεῖνό
920 1968 947 2056 γ’
962 1970 1052 2056 οἶμαι
1103 1983 1109 1990 '

101 2067 227 2146 πάντας
243 2061 288 2133 ἀν
302 2063 388 2153 ὑμᾶς
404 2060 623 2154 ὁμολογῆσαι,
643 2063 694 2133 ὅτι
712 2063 817 2132 πολλά
839 2071 1051 2153 συμβέβηκεν

100 2163 285 2252 ῆόικῆσθαί
297 2185 384 2231 τισιν
400 2164 463 2251 ῆιίη
475 2170 571 2250 μειζω
587 2172 655 2232 των
673 2169 718 2242 εἰς
728 2163 875 2249 χρήματα
891 2170 1048 2249 γιγνομέ-

102 2289 172 2330 νων
183 2259 419 2348 ἀόνκημάτων·“
432 2265 487 2331 καί
503 2263 568 2348 γάρ
585 2260 738 2330 ἀκούσιοι
755 2262 855 2346 φόνοι
865 2264 920 2329 καί
936 2259 1049 2348 ὕβρεις

101 2355 178 2438 εἰςά
189 2359 232 2446 μῆ
251 2361 370 2431 δεῖκαὶ
386 2359 471 2428 ἀλλα
487 2358 592 2428 πολλοὶ
609 2355 730 2428 τοιαῦτ’
742 2355 1050 2444 ἀθικῆματαγίγνε-

100 2483 163 2525 ται.
195 2455 264 2525 ἀλλ’
276 2457 366 2544 ὅμως
380 2459 511 2527 τούτων
529 2456 687 2536 ἀπάντων
703 2456 782 2543 ὅρος
799 2457 854 2525 καί
870 2457 965 2537 λύσις
980 2473 1047 2538 τοῖς
1056 2493 1108 2550 991
1143 2528 1149 2536 ,

55 2583 91 2637 22
101 2564 250 2624 παθοῦσι
264 2555 466 2626 τέτακταιτὸ
483 2561 689 2635 πεισθένταςΙ
699 2555 842 2642 ἀφεῖναι.
875 2556 931 2624 καί
948 2553 1044 2624 τοῦθ’

44 2712 47 2719 ,
100 2655 195 2745 οὕτω,
208 2651 246 2724 τὸ
269 2659 398 2724 δίκαιον
419 2659 457 2723 ἰν
475 2663 578 2723 πᾶσιν
597 2655 703 2740 ἰσχύει
721 2651 809 2740 ὥστ’,
828 2649 871 2723 ἀν
891 2652 978 2722 ἔλων
997 2681 1046 2734 τις

100 2752 261 2824 ἀκουσίου
272 2754 384 2841 φόνου
400 2756 455 2824 καὶ
465 2761 581 2841 σαφῶς
591 2756 750 2834 ἐπιδείξας
765 2751 809 2841 μῆ
822 2753 975 2838 καθαρόν
984 2779 1045 2840 με·

100 2847 140 2915 τά
156 2850 245 2919 ταῦτ’
264 2857 431 2940 αἰθίσηται
451 2854 506 2921 καὶ
526 2850 612 2941 ἀφῆ,
634 2849 739 2922 οὐκέτ’
757 2856 908 2938 ἐκβαλεῖν
930 2851 1045 2936 κύριος

100 2943 162 3029 τὸν
181 2945 284 3016 αύτόν
300 2952 397 3018 ἰστιν.
430 2948 489 3018 εἰθ’
503 2948 587 3036 ὑπὲρ
603 2953 665 3037 μὲν
675 2959 780 3036 ψυχῆς
795 2953 850 3020 καί
872 2957 941 3018 τῶν
952 2957 1046 3034 μεγί-

100 3063 191 3112 στων
203 3043 308 3124 οὕτως
323 3047 429 3133 ἰσχύει
445 3050 500 3117 καὶ
510 3054 601 3135 μένει
611 3048 648 3118 τὸ
660 3046 809 3135 ἀφεῖναι,
821 3046 905 3135 ὑπὲρ
917 3047 954 3116 δὲ
963 3073 1046 3135 χρη-
1121 3055 1129 3062 ’

100 3140 215 3227 μάτων
224 3144 279 3210 καὶ
289 3144 476 3224 ἐλαττόνων
485 3148 701 3234 ἐγκλημάτων
712 3145 842 3232 ἀκνρον
860 3151 968 3229 ίσται;
981 3173 1046 3234 μη-

101 3247 219 3326 δαμοῖς.
246 3240 288 3310 ού
304 3241 369 3328 γάρ
388 3243 471 3330 εἰμῆ
482 3250 550 3314 τῶν
566 3249 704 3313 δικαίων
714 3242 778 3330 ίγύ
791 3242 866 3331 παρ’
876 3241 1044 3329 ύμῖντεύ-

100 3345 212 3423 ξομαι,
229 3335 317 3407 τοῦτ’
328 3345 397 3413 ἔστι
407 3342 616 3427 κλεινότατον,
637 3339 704 3411 ἀλλ’
719 3348 748 3410 εἰ
764 3340 898 3428 πράγμα
914 3347 1044 3415 δίκαιον

101 3433 288 3524 ὡρισμένον
307 3439 343 3505 ἐκ
353 3441 547 3518 παντόςτοῠ
556 3437 682 3527 χρόνον
695 3448 757 3509 νύν
768 3438 1041 3529 καταλυθήσεται.
