<?xml version="1.0" encoding="UTF-8"?>
<!DOCTYPE html PUBLIC "-//W3C//DTD XHTML 1.0 Transitional//EN"
    "http://www.w3.org/TR/xhtml1/DTD/xhtml1-transitional.dtd">
<html xmlns="http://www.w3.org/1999/xhtml" xml:lang="en" lang="en">
 <head>
  <title>
</title>
<meta http-equiv="Content-Type" content="text/html;charset=utf-8" />
  <meta name='ocr-system' content='tesseract 3.04.00' />
  <meta name='ocr-capabilities' content='ocr_page ocr_carea ocr_par ocr_line ocrx_word'/>
</head>
<body>
  <div class='ocr_page' id='page_1' title='image "./orationesexrece00demogoog_0123.png"; bbox 0 0 2318 3894; ppageno 0'>
   <div class='ocr_carea' id='block_1_1' title="bbox 136 202 896 333">
    <p class='ocr_par' dir='ltr' id='par_1_1' title="bbox 136 202 896 333">
     <span class='ocr_line' id='line_1_1' title="bbox 136 202 896 333; baseline -0.017 -17"><span class='ocrx_word' id='word_1_1' title='bbox 136 248 231 317; x_wconf 70' lang='lat'><strong><em>,116</em></strong></span> <span class='ocrx_word' id='word_1_2' title='bbox 319 326 322 331; x_wconf 32' lang='grc'><strong><em>,</em></strong></span> <span class='ocrx_word' id='word_1_3' title='bbox 382 249 453 311; x_wconf 68' lang='grc' dir='ltr'><strong><em>νου,</em></strong></span> <span class='ocrx_word' id='word_1_4' title='bbox 485 202 896 333; x_wconf 72' lang='grc' dir='ltr'><strong><em>Δάιιοεειιαονε</em></strong></span> 
     </span>
    </p>
   </div>
   <div class='ocr_carea' id='block_1_2' title="bbox 32 400 1156 3536">
    <p class='ocr_par' dir='ltr' id='par_1_2' title="bbox 32 400 1116 1180">
     <span class='ocr_line' id='line_1_2' title="bbox 166 400 1114 493; baseline -0.008 -17"><span class='ocrx_word' id='word_1_5' title='bbox 166 411 217 476; x_wconf 79' lang='grc' dir='ltr'><strong><em>τοὶ</em></strong></span> <span class='ocrx_word' id='word_1_6' title='bbox 234 406 437 493; x_wconf 79' lang='grc' dir='ltr'><strong><em>πορεύεσθε,</em></strong></span> <span class='ocrx_word' id='word_1_7' title='bbox 459 404 584 489; x_wconf 79' lang='grc' dir='ltr'><strong><em>ταύτην</em></strong></span> <span class='ocrx_word' id='word_1_8' title='bbox 599 400 640 470; x_wconf 87' lang='grc' dir='ltr'><strong><em>ού</em></strong></span> <span class='ocrx_word' id='word_1_9' title='bbox 658 401 898 488; x_wconf 77' lang='grc' dir='ltr'><strong><em>βεβαιώσαντες</em></strong></span> <span class='ocrx_word' id='word_1_10' title='bbox 909 402 1114 487; x_wconf 68' lang='grc' dir='ltr'><strong><em>ἐμοὶβαδιελ·</em></strong></span> 
     </span>
     <span class='ocr_line' id='line_1_3' title="bbox 168 498 1112 590; baseline -0.008 -16"><span class='ocrx_word' id='word_1_11' title='bbox 168 516 245 584; x_wconf 87' lang='grc' dir='ltr'><strong><em>σθε;</em></strong></span> <span class='ocrx_word' id='word_1_12' title='bbox 256 507 310 573; x_wconf 81' lang='grc' dir='ltr'><strong><em>καὶ</em></strong></span> <span class='ocrx_word' id='word_1_13' title='bbox 320 512 385 573; x_wconf 84' lang='grc' dir='ltr'><strong><em>τίνι</em></strong></span> <span class='ocrx_word' id='word_1_14' title='bbox 395 504 457 590; x_wconf 83' lang='grc' dir='ltr'><strong><em>χρή</em></strong></span> <span class='ocrx_word' id='word_1_15' title='bbox 468 529 507 588; x_wconf 91' lang='grc' dir='ltr'><strong><em>με</em></strong></span> <span class='ocrx_word' id='word_1_16' title='bbox 518 509 663 590; x_wconf 75' lang='grc' dir='ltr'><strong><em>λογισμῷ</em></strong></span> <span class='ocrx_word' id='word_1_17' title='bbox 671 515 829 584; x_wconf 80' lang='grc' dir='ltr'><strong><em>περιεῖναι</em></strong></span> <span class='ocrx_word' id='word_1_18' title='bbox 835 507 940 567; x_wconf 72' lang='grc' dir='ltr'><strong><em>ταῦτα</em></strong></span> <span class='ocrx_word' id='word_1_19' title='bbox 950 498 1112 584; x_wconf 75' lang='grc' dir='ltr'><strong><em>παθόντα,</em></strong></span> 
     </span>
     <span class='ocr_line' id='line_1_4' title="bbox 167 596 1116 689; baseline -0.005 -19"><span class='ocrx_word' id='word_1_20' title='bbox 167 611 198 672; x_wconf 81' lang='grc' dir='ltr'><strong><em>εί</em></strong></span> <span class='ocrx_word' id='word_1_21' title='bbox 214 603 418 688; x_wconf 79' lang='grc' dir='ltr'><strong><em>περιόψεσθέ</em></strong></span> <span class='ocrx_word' id='word_1_22' title='bbox 431 629 471 689; x_wconf 88' lang='grc' dir='ltr'><strong><em>με</em></strong></span> <span class='ocrx_word' id='word_1_23' title='bbox 489 609 554 668; x_wconf 82' lang='grc' dir='ltr'><strong><em>νῦν</em></strong></span> <span class='ocrx_word' id='word_1_24' title='bbox 570 597 679 686; x_wconf 83' lang='grc' dir='ltr'><strong><em>ύμεῑς;</em></strong></span> <span class='ocrx_word' id='word_1_25' title='bbox 699 597 819 684; x_wconf 89' lang='grc' dir='ltr'><strong><em>θάρρει</em></strong></span> <span class='ocrx_word' id='word_1_26' title='bbox 834 596 876 682; x_wconf 77' lang='grc' dir='ltr'><strong><em>νὴ</em></strong></span> <span class='ocrx_word' id='word_1_27' title='bbox 893 603 976 680; x_wconf 87' lang='grc' dir='ltr'><strong><em>Δία,</em></strong></span> <span class='ocrx_word' id='word_1_28' title='bbox 999 597 1116 683; x_wconf 79' lang='grc' dir='ltr'><strong><em>φήσειέ</em></strong></span> 
     </span>
     <span class='ocr_line' id='line_1_5' title="bbox 166 692 1113 790; baseline -0.004 -21"><span class='ocrx_word' id='word_1_29' title='bbox 166 728 214 780; x_wconf 91' lang='grc' dir='ltr'><strong><em>τις</em></strong></span> <span class='ocrx_word' id='word_1_30' title='bbox 224 700 282 768; x_wconf 86' lang='grc' dir='ltr'><strong><em>ἀν·</em></strong></span> <span class='ocrx_word' id='word_1_31' title='bbox 305 699 347 768; x_wconf 91' lang='grc' dir='ltr'><strong><em>ού</em></strong></span> <span class='ocrx_word' id='word_1_32' title='bbox 356 698 421 786; x_wconf 83' lang='grc' dir='ltr'><strong><em>γάρ</em></strong></span> <span class='ocrx_word' id='word_1_33' title='bbox 432 697 593 790; x_wconf 67' lang='grc' dir='ltr'><strong><em>δι’,,ούδὲν</em></strong></span> <span class='ocrx_word' id='word_1_34' title='bbox 602 695 809 784; x_wconf 73' lang='grc' dir='ltr'><strong><em>ὑβρισθήσει.</em></strong></span> <span class='ocrx_word' id='word_1_35' title='bbox 833 694 894 765; x_wconf 79' lang='grc' dir='ltr'><strong><em>ἐάν</em></strong></span> <span class='ocrx_word' id='word_1_36' title='bbox 905 697 958 781; x_wconf 78' lang='grc' dir='ltr'><strong><em>δὲ,</em></strong></span> <span class='ocrx_word' id='word_1_37' title='bbox 972 692 1043 765; x_wconf 90' lang='grc' dir='ltr'><strong><em>τότ’</em></strong></span> <span class='ocrx_word' id='word_1_38' title='bbox 1056 693 1113 780; x_wconf 90' lang='grc' dir='ltr'><strong><em>όρ-</em></strong></span> 
     </span>
     <span class='ocr_line' id='line_1_6' title="bbox 166 789 1112 885; baseline -0.004 -19"><span class='ocrx_word' id='word_1_39' title='bbox 166 808 310 885; x_wconf 84' lang='grc' dir='ltr'><strong><em>γιείσθε,</em></strong></span> <span class='ocrx_word' id='word_1_40' title='bbox 331 797 561 884; x_wconf 77' lang='grc' dir='ltr'><strong><em>νῦνάφέντεςς</em></strong></span> <span class='ocrx_word' id='word_1_41' title='bbox 584 800 756 882; x_wconf 85' lang='grc' dir='ltr'><strong><em>μηδαμώς,</em></strong></span> <span class='ocrx_word' id='word_1_42' title='bbox 778 789 807 863; x_wconf 88' lang='grc' dir='ltr'><strong><em>ώ</em></strong></span> <span class='ocrx_word' id='word_1_43' title='bbox 817 795 938 882; x_wconf 86' lang='grc' dir='ltr'><strong><em>ἀνδρες</em></strong></span> <span class='ocrx_word' id='word_1_44' title='bbox 954 798 1112 879; x_wconf 78' lang='grc' dir='ltr'><strong><em>δικασταὶ,</em></strong></span> 
     </span>
     <span class='ocr_line' id='line_1_7' title="bbox 166 890 1114 983; baseline -0.003 -20"><span class='ocrx_word' id='word_1_45' title='bbox 166 895 210 983; x_wconf 76' lang='grc' dir='ltr'><strong><em>μὴ</em></strong></span> <span class='ocrx_word' id='word_1_46' title='bbox 229 899 378 981; x_wconf 87' lang='grc' dir='ltr'><strong><em>προδώτε</em></strong></span> <span class='ocrx_word' id='word_1_47' title='bbox 395 895 472 982; x_wconf 82' lang='grc' dir='ltr'><strong><em>μήτ’</em></strong></span> <span class='ocrx_word' id='word_1_48' title='bbox 484 896 540 982; x_wconf 75' lang='grc' dir='ltr'><strong><em>ε’μὲ</em></strong></span> <span class='ocrx_word' id='word_1_49' title='bbox 550 894 634 981; x_wconf 82' lang='grc' dir='ltr'><strong><em>μήθ’</em></strong></span> <span class='ocrx_word' id='word_1_50' title='bbox 646 892 732 980; x_wconf 88' lang='grc' dir='ltr'><strong><em>ύμάς</em></strong></span> <span class='ocrx_word' id='word_1_51' title='bbox 743 892 868 971; x_wconf 84' lang='grc' dir='ltr'><strong><em>αύτούς</em></strong></span> <span class='ocrx_word' id='word_1_52' title='bbox 874 893 956 980; x_wconf 85' lang='grc' dir='ltr'><strong><em>μήτε</em></strong></span> <span class='ocrx_word' id='word_1_53' title='bbox 966 890 1047 972; x_wconf 79' lang='grc' dir='ltr'><strong><em>τούς</em></strong></span> <span class='ocrx_word' id='word_1_54' title='bbox 1055 893 1114 960; x_wconf 90' lang='grc' dir='ltr'><strong><em>υό-</em></strong></span> 
     </span>
     <span class='ocr_line' id='line_1_8' title="bbox 32 991 1114 1081; baseline -0.003 -20"><span class='ocrx_word' id='word_1_55' title='bbox 32 994 37 1004; x_wconf 83' lang='grc'><strong>’</strong></span> <span class='ocrx_word' id='word_1_56' title='bbox 106 1019 158 1073; x_wconf 67' lang='lat'><strong><em>223</em></strong></span> <span class='ocrx_word' id='word_1_57' title='bbox 167 1020 259 1081; x_wconf 90' lang='grc' dir='ltr'><strong><em>μους.</em></strong></span> <span class='ocrx_word' id='word_1_58' title='bbox 294 996 349 1061; x_wconf 83' lang='grc' dir='ltr'><strong><em>καὶ</em></strong></span> <span class='ocrx_word' id='word_1_59' title='bbox 365 992 428 1078; x_wconf 86' lang='grc' dir='ltr'><strong><em>γάρ</em></strong></span> <span class='ocrx_word' id='word_1_60' title='bbox 447 991 527 1060; x_wconf 86' lang='grc' dir='ltr'><strong><em>αύτό</em></strong></span> <span class='ocrx_word' id='word_1_61' title='bbox 546 1000 644 1060; x_wconf 85' lang='grc' dir='ltr'><strong><em>τοῦτο</em></strong></span> <span class='ocrx_word' id='word_1_62' title='bbox 662 999 692 1060; x_wconf 90' lang='grc' dir='ltr'><strong><em>εί</em></strong></span> <span class='ocrx_word' id='word_1_63' title='bbox 707 995 836 1060; x_wconf 82' lang='grc' dir='ltr'><strong><em>θέλοιτε</em></strong></span> <span class='ocrx_word' id='word_1_64' title='bbox 847 1006 983 1059; x_wconf 78' lang='grc' dir='ltr'><strong><em>σκοπεῖν</em></strong></span> <span class='ocrx_word' id='word_1_65' title='bbox 994 993 1049 1059; x_wconf 81' lang='grc' dir='ltr'><strong><em>καὶ</em></strong></span> <span class='ocrx_word' id='word_1_66' title='bbox 1060 996 1114 1076; x_wconf 78' lang='grc' dir='ltr'><strong><em>ζη-</em></strong></span> 
     </span>
     <span class='ocr_line' id='line_1_9' title="bbox 166 1088 1114 1180; baseline -0.004 -20"><span class='ocrx_word' id='word_1_67' title='bbox 166 1102 252 1173; x_wconf 76' lang='grc' dir='ltr'><strong><em>τεῖν,</em></strong></span> <span class='ocrx_word' id='word_1_68' title='bbox 274 1098 321 1180; x_wconf 76' lang='grc' dir='ltr'><strong><em>τῷ</em></strong></span> <span class='ocrx_word' id='word_1_69' title='bbox 331 1089 405 1158; x_wconf 89' lang='grc' dir='ltr'><strong><em>ποτ’</em></strong></span> <span class='ocrx_word' id='word_1_70' title='bbox 421 1094 502 1158; x_wconf 82' lang='grc' dir='ltr'><strong><em>είσλν</em></strong></span> <span class='ocrx_word' id='word_1_71' title='bbox 513 1088 610 1176; x_wconf 77' lang='grc' dir='ltr'><strong><em>ὑμῶν</em></strong></span> <span class='ocrx_word' id='word_1_72' title='bbox 621 1095 655 1158; x_wconf 92' lang='grc' dir='ltr'><strong><em>οί</em></strong></span> <span class='ocrx_word' id='word_1_73' title='bbox 664 1088 715 1158; x_wconf 77' lang='grc' dir='ltr'><strong><em>ἀεὶ</em></strong></span> <span class='ocrx_word' id='word_1_74' title='bbox 726 1091 910 1170; x_wconf 76' lang='grc' dir='ltr'><strong><em>δικάζοντες</em></strong></span> <span class='ocrx_word' id='word_1_75' title='bbox 920 1090 1051 1177; x_wconf 84' lang='grc' dir='ltr'><strong><em>ίσχυρολ</em></strong></span> <span class='ocrx_word' id='word_1_76' title='bbox 1062 1091 1114 1156; x_wconf 76' lang='grc' dir='ltr'><strong><em>καὶ</em></strong></span> 
     </span>
    </p>

    <p class='ocr_par' dir='ltr' id='par_1_3' title="bbox 105 1187 1156 2158">
     <span class='ocr_line' id='line_1_10' title="bbox 130 1187 1113 1286; baseline -0.004 -29"><span class='ocrx_word' id='word_1_77' title='bbox 130 1266 141 1286; x_wconf 40' lang='grc' dir='ltr'><em>Ι</em></span> <span class='ocrx_word' id='word_1_78' title='bbox 166 1189 275 1273; x_wconf 92' lang='grc' dir='ltr'><strong><em>κύριοι</em></strong></span> <span class='ocrx_word' id='word_1_79' title='bbox 286 1196 354 1255; x_wconf 84' lang='grc' dir='ltr'><strong><em>τών</em></strong></span> <span class='ocrx_word' id='word_1_80' title='bbox 365 1189 451 1274; x_wconf 77' lang='grc' dir='ltr'><strong><em>ἐντῇ</em></strong></span> <span class='ocrx_word' id='word_1_81' title='bbox 460 1188 553 1255; x_wconf 87' lang='grc' dir='ltr'><strong><em>πόλει</em></strong></span> <span class='ocrx_word' id='word_1_82' title='bbox 564 1188 716 1272; x_wconf 84' lang='grc' dir='ltr'><strong><em>πάντων,</em></strong></span> <span class='ocrx_word' id='word_1_83' title='bbox 738 1189 798 1256; x_wconf 78' lang='grc' dir='ltr'><strong><em>ἐάν</em></strong></span> <span class='ocrx_word' id='word_1_84' title='bbox 807 1213 843 1256; x_wconf 86' lang='grc' dir='ltr'><strong><em>τε</em></strong></span> <span class='ocrx_word' id='word_1_85' title='bbox 856 1192 1047 1266; x_wconf 88' lang='grc' dir='ltr'><strong><em>διακοσίους</em></strong></span> <span class='ocrx_word' id='word_1_86' title='bbox 1057 1187 1113 1254; x_wconf 79' lang='grc' dir='ltr'><strong><em>ἐάν</em></strong></span> 
     </span>
     <span class='ocr_line' id='line_1_11' title="bbox 124 1282 1113 1373; baseline -0.002 -19"><span class='ocrx_word' id='word_1_87' title='bbox 124 1321 128 1329; x_wconf 93' lang='grc'><strong><em>·</em></strong></span> <span class='ocrx_word' id='word_1_88' title='bbox 166 1313 201 1354; x_wconf 88' lang='grc' dir='ltr'><strong><em>τε</em></strong></span> <span class='ocrx_word' id='word_1_89' title='bbox 211 1293 336 1371; x_wconf 77' lang='grc' dir='ltr'><strong><em>χιλίους</em></strong></span> <span class='ocrx_word' id='word_1_90' title='bbox 346 1287 405 1353; x_wconf 83' lang='grc' dir='ltr'><strong><em>ἐάν</em></strong></span> <span class='ocrx_word' id='word_1_91' title='bbox 415 1284 451 1352; x_wconf 86' lang='grc' dir='ltr'><strong><em>θ’</em></strong></span> <span class='ocrx_word' id='word_1_92' title='bbox 466 1283 613 1365; x_wconf 80' lang='grc' dir='ltr'><strong><em>ὁπόσους</em></strong></span> <span class='ocrx_word' id='word_1_93' title='bbox 623 1282 696 1372; x_wconf 82' lang='grc' dir='ltr'><strong><em>ἀνὴ</em></strong></span> <span class='ocrx_word' id='word_1_94' title='bbox 708 1284 802 1364; x_wconf 88' lang='grc' dir='ltr'><strong><em>πόλις</em></strong></span> <span class='ocrx_word' id='word_1_95' title='bbox 817 1291 959 1373; x_wconf 86' lang='grc' dir='ltr'><strong><em>καθίση,</em></strong></span> <span class='ocrx_word' id='word_1_96' title='bbox 982 1283 1113 1373; x_wconf 79' lang='grc' dir='ltr'><strong><em>ούτετβ</em></strong></span> 
     </span>
     <span class='ocr_line' id='line_1_12' title="bbox 167 1382 1115 1470; baseline -0.002 -19"><span class='ocrx_word' id='word_1_97' title='bbox 167 1382 245 1469; x_wconf 89' lang='grc' dir='ltr'><strong><em>μεθ’</em></strong></span> <span class='ocrx_word' id='word_1_98' title='bbox 260 1384 373 1452; x_wconf 84' lang='grc' dir='ltr'><strong><em>ὅπλων</em></strong></span> <span class='ocrx_word' id='word_1_99' title='bbox 384 1382 467 1452; x_wconf 82' lang='grc' dir='ltr'><strong><em>εἶναι</em></strong></span> <span class='ocrx_word' id='word_1_100' title='bbox 479 1387 733 1470; x_wconf 75' lang='grc' dir='ltr'><strong><em>συντεταγμένοι</em></strong></span> <span class='ocrx_word' id='word_1_101' title='bbox 744 1383 841 1470; x_wconf 85' lang='grc' dir='ltr'><strong><em>μόνοι</em></strong></span> <span class='ocrx_word' id='word_1_102' title='bbox 851 1390 919 1450; x_wconf 85' lang='grc' dir='ltr'><strong><em>τών</em></strong></span> <span class='ocrx_word' id='word_1_103' title='bbox 929 1382 1045 1450; x_wconf 83' lang='grc' dir='ltr'><strong><em>ἀλλων</em></strong></span> <span class='ocrx_word' id='word_1_104' title='bbox 1055 1405 1115 1449; x_wconf 87' lang='grc' dir='ltr'><strong><em>πο-</em></strong></span> 
     </span>
     <span class='ocr_line' id='line_1_13' title="bbox 167 1479 1115 1568; baseline -0.004 -19"><span class='ocrx_word' id='word_1_105' title='bbox 167 1491 282 1564; x_wconf 86' lang='grc' dir='ltr'><strong><em>λιτών,</em></strong></span> <span class='ocrx_word' id='word_1_106' title='bbox 296 1481 419 1564; x_wconf 82' lang='grc' dir='ltr'><strong><em>εὕροιτ’</em></strong></span> <span class='ocrx_word' id='word_1_107' title='bbox 432 1481 492 1568; x_wconf 86' lang='grc' dir='ltr'><strong><em>ἀν,</em></strong></span> <span class='ocrx_word' id='word_1_108' title='bbox 503 1482 580 1549; x_wconf 80' lang='grc' dir='ltr'><strong><em>οὔτε</em></strong></span> <span class='ocrx_word' id='word_1_109' title='bbox 591 1491 636 1568; x_wconf 78' lang='grc' dir='ltr'><strong><em>τῷ</em></strong></span> <span class='ocrx_word' id='word_1_110' title='bbox 648 1480 688 1549; x_wconf 88' lang='grc' dir='ltr'><strong><em>τά</em></strong></span> <span class='ocrx_word' id='word_1_111' title='bbox 700 1479 823 1567; x_wconf 80' lang='grc' dir='ltr'><strong><em>σώματ’</em></strong></span> <span class='ocrx_word' id='word_1_112' title='bbox 839 1480 956 1563; x_wconf 86' lang='grc' dir='ltr'><strong><em>ἀριστα</em></strong></span> <span class='ocrx_word' id='word_1_113' title='bbox 968 1485 1054 1566; x_wconf 80' lang='grc' dir='ltr'><strong><em>ἔχειν</em></strong></span> <span class='ocrx_word' id='word_1_114' title='bbox 1064 1481 1115 1546; x_wconf 76' lang='grc' dir='ltr'><strong><em>καί</em></strong></span> 
     </span>
     <span class='ocr_line' id='line_1_14' title="bbox 167 1575 1115 1668; baseline -0.002 -24"><span class='ocrx_word' id='word_1_115' title='bbox 167 1581 307 1664; x_wconf 91' lang='grc' dir='ltr'><strong><em>μάλιστα</em></strong></span> <span class='ocrx_word' id='word_1_116' title='bbox 320 1578 461 1665; x_wconf 88' lang='grc' dir='ltr'><strong><em>ίσχόειν,</em></strong></span> <span class='ocrx_word' id='word_1_117' title='bbox 485 1575 562 1646; x_wconf 89' lang='grc' dir='ltr'><strong><em>ούτε</em></strong></span> <span class='ocrx_word' id='word_1_118' title='bbox 577 1586 623 1668; x_wconf 78' lang='grc' dir='ltr'><strong><em>τῷ</em></strong></span> <span class='ocrx_word' id='word_1_119' title='bbox 634 1577 696 1665; x_wconf 75' lang='grc' dir='ltr'><strong><em>τὴν</em></strong></span> <span class='ocrx_word' id='word_1_120' title='bbox 706 1576 837 1664; x_wconf 80' lang='grc' dir='ltr'><strong><em>ἡλικίαν</em></strong></span> <span class='ocrx_word' id='word_1_121' title='bbox 852 1578 935 1646; x_wconf 82' lang='grc' dir='ltr'><strong><em>εἶναι</em></strong></span> <span class='ocrx_word' id='word_1_122' title='bbox 947 1576 1115 1659; x_wconf 90' lang='grc' dir='ltr'><strong><em>νεώτατοι,</em></strong></span> 
     </span>
     <span class='ocr_line' id='line_1_15' title="bbox 168 1673 1114 1764; baseline -0.004 -20"><span class='ocrx_word' id='word_1_123' title='bbox 168 1675 245 1744; x_wconf 78' lang='grc' dir='ltr'><strong><em>οὔτε</em></strong></span> <span class='ocrx_word' id='word_1_124' title='bbox 261 1685 330 1744; x_wconf 83' lang='grc' dir='ltr'><strong><em>τών</em></strong></span> <span class='ocrx_word' id='word_1_125' title='bbox 343 1677 506 1745; x_wconf 82' lang='grc' dir='ltr'><strong><em>τοιούτων</em></strong></span> <span class='ocrx_word' id='word_1_126' title='bbox 517 1674 646 1760; x_wconf 85' lang='grc' dir='ltr'><strong><em>οὐδενὶ,</em></strong></span> <span class='ocrx_word' id='word_1_127' title='bbox 667 1674 751 1744; x_wconf 89' lang='grc' dir='ltr'><strong><em>ἀλλά</em></strong></span> <span class='ocrx_word' id='word_1_128' title='bbox 762 1685 803 1764; x_wconf 82' lang='grc' dir='ltr'><strong><em>τῇ</em></strong></span> <span class='ocrx_word' id='word_1_129' title='bbox 814 1683 882 1744; x_wconf 84' lang='grc' dir='ltr'><strong><em>τών</em></strong></span> <span class='ocrx_word' id='word_1_130' title='bbox 892 1674 1009 1760; x_wconf 80' lang='grc' dir='ltr'><strong><em>νόμων</em></strong></span> <span class='ocrx_word' id='word_1_131' title='bbox 1019 1673 1114 1760; x_wconf 76' lang='grc' dir='ltr'><strong><em>ίσχύε.</em></strong></span> 
     </span>
     <span class='ocr_line' id='line_1_16' title="bbox 105 1767 1116 1862; baseline -0.003 -19"><span class='ocrx_word' id='word_1_132' title='bbox 105 1772 187 1862; x_wconf 62' lang='grc' dir='ltr'><strong><em>22ςὴ</em></strong></span> <span class='ocrx_word' id='word_1_133' title='bbox 200 1773 541 1861; x_wconf 73' lang='grc' dir='ltr'><strong><em>δὲτώννόμιῠν-ίσχύς</em></strong></span> <span class='ocrx_word' id='word_1_134' title='bbox 551 1781 598 1854; x_wconf 92' lang='grc' dir='ltr'><strong><em>τίς</em></strong></span> <span class='ocrx_word' id='word_1_135' title='bbox 610 1780 712 1859; x_wconf 75' lang='grc' dir='ltr'><strong><em>ἐστινς</em></strong></span> <span class='ocrx_word' id='word_1_136' title='bbox 733 1767 787 1858; x_wconf 88' lang='grc' dir='ltr'><strong><em>ἀρ’</em></strong></span> <span class='ocrx_word' id='word_1_137' title='bbox 807 1774 867 1842; x_wconf 79' lang='grc' dir='ltr'><strong><em>ἐάν</em></strong></span> <span class='ocrx_word' id='word_1_138' title='bbox 877 1799 925 1851; x_wconf 89' lang='grc' dir='ltr'><strong><em>τις</em></strong></span> <span class='ocrx_word' id='word_1_139' title='bbox 935 1769 1034 1859; x_wconf 85' lang='grc' dir='ltr'><strong><em>ύμώυ</em></strong></span> <span class='ocrx_word' id='word_1_140' title='bbox 1044 1769 1116 1840; x_wconf 84' lang='grc' dir='ltr'><strong><em>ἀδι-</em></strong></span> 
     </span>
     <span class='ocr_line' id='line_1_17' title="bbox 165 1871 1115 1962; baseline -0.003 -22"><span class='ocrx_word' id='word_1_141' title='bbox 165 1873 328 1959; x_wconf 83' lang='grc' dir='ltr'><strong><em>κούμενος</em></strong></span> <span class='ocrx_word' id='word_1_142' title='bbox 345 1871 535 1962; x_wconf 74' lang='grc' dir='ltr'><strong><em>ἀνακράγῃ,</em></strong></span> <span class='ocrx_word' id='word_1_143' title='bbox 551 1878 842 1959; x_wconf 75' lang='grc' dir='ltr'><strong><em>προσδραμοῦνται</em></strong></span> <span class='ocrx_word' id='word_1_144' title='bbox 853 1873 907 1939; x_wconf 83' lang='grc' dir='ltr'><strong><em>καὶ</em></strong></span> <span class='ocrx_word' id='word_1_145' title='bbox 918 1873 1115 1953; x_wconf 85' lang='grc' dir='ltr'><strong><em>παρέσονται</em></strong></span> 
     </span>
     <span class='ocr_line' id='line_1_18' title="bbox 165 1970 1115 2059; baseline -0.001 -21"><span class='ocrx_word' id='word_1_146' title='bbox 165 1978 385 2057; x_wconf 83' lang='grc' dir='ltr'><strong><em>βοηθοῦντες;</em></strong></span> <span class='ocrx_word' id='word_1_147' title='bbox 405 1971 464 2040; x_wconf 87' lang='grc' dir='ltr'><strong><em>ού·</em></strong></span> <span class='ocrx_word' id='word_1_148' title='bbox 487 1973 661 2058; x_wconf 90' lang='grc' dir='ltr'><strong><em>γράμματα</em></strong></span> <span class='ocrx_word' id='word_1_149' title='bbox 671 1972 735 2059; x_wconf 88' lang='grc' dir='ltr'><strong><em>γάρ</em></strong></span> <span class='ocrx_word' id='word_1_150' title='bbox 746 1971 955 2057; x_wconf 83' lang='grc' dir='ltr'><strong><em>γεγραμμένα</em></strong></span> <span class='ocrx_word' id='word_1_151' title='bbox 965 1970 1115 2054; x_wconf 55' lang='lat' dir='ltr'><strong><em>&amp;aalma</em></strong></span> 
     </span>
     <span class='ocr_line' id='line_1_19' title="bbox 165 2062 1156 2158; baseline -0.001 -23"><span class='ocrx_word' id='word_1_152' title='bbox 165 2068 238 2154; x_wconf 80' lang='grc' dir='ltr'><strong><em>ούχὶ</em></strong></span> <span class='ocrx_word' id='word_1_153' title='bbox 249 2069 399 2139; x_wconf 89' lang='grc' dir='ltr'><strong><em>δύναιντ’</em></strong></span> <span class='ocrx_word' id='word_1_154' title='bbox 412 2068 455 2140; x_wconf 88' lang='grc' dir='ltr'><strong><em>ἀν</em></strong></span> <span class='ocrx_word' id='word_1_155' title='bbox 465 2080 563 2141; x_wconf 87' lang='grc' dir='ltr'><strong><em>τούτο</em></strong></span> <span class='ocrx_word' id='word_1_156' title='bbox 575 2079 717 2158; x_wconf 81' lang='grc' dir='ltr'><strong><em>ποιῆσαι.</em></strong></span> <span class='ocrx_word' id='word_1_157' title='bbox 739 2077 787 2148; x_wconf 89' lang='grc' dir='ltr'><strong><em>τίς</em></strong></span> <span class='ocrx_word' id='word_1_158' title='bbox 798 2062 890 2155; x_wconf 80' lang='grc' dir='ltr'><strong><em>οὖνὴ</em></strong></span> <span class='ocrx_word' id='word_1_159' title='bbox 903 2067 1045 2154; x_wconf 87' lang='grc' dir='ltr'><strong><em>δύναμις</em></strong></span> <span class='ocrx_word' id='word_1_160' title='bbox 1055 2066 1116 2150; x_wconf 80' lang='grc' dir='ltr'><strong><em>αύ-</em></strong></span> <span class='ocrx_word' id='word_1_161' title='bbox 1152 2140 1156 2145; x_wconf 62' lang='grc'><strong><em>,</em></strong></span> 
     </span>
    </p>

    <p class='ocr_par' dir='ltr' id='par_1_4' title="bbox 104 2167 1113 2459">
     <span class='ocr_line' id='line_1_20' title="bbox 132 2167 1112 2259; baseline -0.002 -24"><span class='ocrx_word' id='word_1_162' title='bbox 132 2252 135 2257; x_wconf 20' lang='lat'>¹</span> <span class='ocrx_word' id='word_1_163' title='bbox 164 2193 233 2235; x_wconf 76' lang='grc' dir='ltr'><strong><em>ταν</em></strong></span> <span class='ocrx_word' id='word_1_164' title='bbox 249 2172 354 2252; x_wconf 74' lang='grc' dir='ltr'><strong><em>ἑστίας</em></strong></span> <span class='ocrx_word' id='word_1_165' title='bbox 376 2168 470 2258; x_wconf 71' lang='grc' dir='ltr'><strong><em>ὑμεῖς</em></strong></span> <span class='ocrx_word' id='word_1_166' title='bbox 486 2171 544 2240; x_wconf 82' lang='grc' dir='ltr'><strong><em>ἐὰν</em></strong></span> <span class='ocrx_word' id='word_1_167' title='bbox 562 2177 721 2259; x_wconf 83' lang='grc' dir='ltr'><strong><em>βεβαιώτε</em></strong></span> <span class='ocrx_word' id='word_1_168' title='bbox 738 2167 860 2247; x_wconf 86' lang='grc' dir='ltr'><strong><em>αύτούς</em></strong></span> <span class='ocrx_word' id='word_1_169' title='bbox 878 2168 933 2235; x_wconf 80' lang='grc' dir='ltr'><strong><em>καὶ</em></strong></span> <span class='ocrx_word' id='word_1_170' title='bbox 953 2170 1112 2252; x_wconf 80' lang='grc' dir='ltr'><strong><em>παρέχητε</em></strong></span> 
     </span>
     <span class='ocr_line' id='line_1_21' title="bbox 163 2260 1112 2362; baseline -0.004 -27"><span class='ocrx_word' id='word_1_171' title='bbox 163 2275 301 2355; x_wconf 83' lang='grc' dir='ltr'><strong><em>κυρίους</em></strong></span> <span class='ocrx_word' id='word_1_172' title='bbox 311 2268 417 2362; x_wconf 77' lang='grc' dir='ltr'><strong><em>ἀεὶτιβ</em></strong></span> <span class='ocrx_word' id='word_1_173' title='bbox 428 2273 583 2361; x_wconf 77' lang='grc' dir='ltr'><strong><em>δεομένῳ.</em></strong></span> <span class='ocrx_word' id='word_1_174' title='bbox 606 2268 734 2339; x_wconf 81' lang='grc' dir='ltr'><strong><em>όύκούν</em></strong></span> <span class='ocrx_word' id='word_1_175' title='bbox 744 2271 778 2335; x_wconf 90' lang='grc' dir='ltr'><strong><em>οί</em></strong></span> <span class='ocrx_word' id='word_1_176' title='bbox 786 2266 883 2352; x_wconf 92' lang='grc' dir='ltr'><strong><em>νόμοι</em></strong></span> <span class='ocrx_word' id='word_1_177' title='bbox 893 2290 929 2332; x_wconf 85' lang='grc' dir='ltr'><strong><em>τε</em></strong></span> <span class='ocrx_word' id='word_1_178' title='bbox 939 2260 1020 2350; x_wconf 68' lang='grc' dir='ltr'><strong><em>ὑμῖν</em></strong></span> <span class='ocrx_word' id='word_1_179' title='bbox 1031 2271 1112 2333; x_wconf 88' lang='grc' dir='ltr'><strong><em>είσιν</em></strong></span> 
     </span>
     <span class='ocr_line' id='line_1_22' title="bbox 104 2365 1113 2459; baseline -0.012 -17"><span class='ocrx_word' id='word_1_180' title='bbox 104 2389 155 2444; x_wconf 78' lang='lat'><strong><em>‘225</em></strong></span> <span class='ocrx_word' id='word_1_181' title='bbox 163 2370 292 2459; x_wconf 80' lang='grc' dir='ltr'><strong><em>ίσχυρολ</em></strong></span> <span class='ocrx_word' id='word_1_182' title='bbox 303 2371 357 2439; x_wconf 80' lang='grc' dir='ltr'><strong><em>καὶ</em></strong></span> <span class='ocrx_word' id='word_1_183' title='bbox 368 2367 462 2456; x_wconf 75' lang='grc' dir='ltr'><strong><em>ὑμεῖς</em></strong></span> <span class='ocrx_word' id='word_1_184' title='bbox 471 2384 539 2448; x_wconf 80' lang='grc' dir='ltr'><strong><em>τοῖς</em></strong></span> <span class='ocrx_word' id='word_1_185' title='bbox 549 2369 673 2455; x_wconf 91' lang='grc' dir='ltr'><strong><em>νόμοις.</em></strong></span> <span class='ocrx_word' id='word_1_186' title='bbox 705 2371 879 2434; x_wconf 79' lang='grc' dir='ltr'><strong><em>δελτοίννν</em></strong></span> <span class='ocrx_word' id='word_1_187' title='bbox 889 2365 1020 2442; x_wconf 87' lang='grc' dir='ltr'><strong><em>τούτοις</em></strong></span> <span class='ocrx_word' id='word_1_188' title='bbox 1030 2369 1113 2450; x_wconf 90' lang='grc' dir='ltr'><strong><em>βοη-</em></strong></span> 
     </span>
    </p>

    <p class='ocr_par' dir='ltr' id='par_1_5' title="bbox 73 2456 1115 3536">
     <span class='ocr_line' id='line_1_23' title="bbox 73 2456 1113 2551; baseline -0.005 -17"><span class='ocrx_word' id='word_1_189' title='bbox 73 2466 78 2471; x_wconf 61' lang='grc'><strong>”</strong></span> <span class='ocrx_word' id='word_1_190' title='bbox 164 2475 241 2534; x_wconf 77' lang='grc' dir='ltr'><strong><em>θεῖν</em></strong></span> <span class='ocrx_word' id='word_1_191' title='bbox 257 2463 378 2551; x_wconf 88' lang='grc' dir='ltr'><strong><em>ὁμοίως</em></strong></span> <span class='ocrx_word' id='word_1_192' title='bbox 392 2464 505 2549; x_wconf 77' lang='grc' dir='ltr'><strong><em>’ὥσπερ</em></strong></span> <span class='ocrx_word' id='word_1_193' title='bbox 522 2461 567 2533; x_wconf 87' lang='grc' dir='ltr'><strong><em>ἀν</em></strong></span> <span class='ocrx_word' id='word_1_194' title='bbox 582 2462 674 2550; x_wconf 74' lang='grc' dir='ltr'><strong><em>αὑτῷ</em></strong></span> <span class='ocrx_word' id='word_1_195' title='bbox 692 2491 740 2542; x_wconf 89' lang='grc' dir='ltr'><strong><em>τις</em></strong></span> <span class='ocrx_word' id='word_1_196' title='bbox 757 2462 980 2551; x_wconf 77' lang='grc' dir='ltr'><strong><em>ἀδικουμένῳ,</em></strong></span> <span class='ocrx_word' id='word_1_197' title='bbox 1002 2462 1060 2531; x_wconf 72' lang='grc' dir='ltr'><strong><em>καὶ</em></strong></span> <span class='ocrx_word' id='word_1_198' title='bbox 1074 2456 1113 2529; x_wconf 84' lang='grc' dir='ltr'><strong><em>τά</em></strong></span> 
     </span>
     <span class='ocr_line' id='line_1_24' title="bbox 164 2554 1114 2648; baseline -0.002 -19"><span class='ocrx_word' id='word_1_199' title='bbox 164 2570 232 2629; x_wconf 82' lang='grc' dir='ltr'><strong><em>τών</em></strong></span> <span class='ocrx_word' id='word_1_200' title='bbox 243 2562 357 2646; x_wconf 86' lang='grc' dir='ltr'><strong><em>νόμων</em></strong></span> <span class='ocrx_word' id='word_1_201' title='bbox 366 2558 553 2648; x_wconf 78' lang='grc' dir='ltr'><strong><em>ἀδικήματα</em></strong></span> <span class='ocrx_word' id='word_1_202' title='bbox 563 2560 659 2631; x_wconf 82' lang='grc' dir='ltr'><strong><em>κοινά</em></strong></span> <span class='ocrx_word' id='word_1_203' title='bbox 668 2568 821 2648; x_wconf 83' lang='grc' dir='ltr'><strong><em>νομίζειν,</em></strong></span> <span class='ocrx_word' id='word_1_204' title='bbox 838 2559 892 2647; x_wconf 76' lang='grc' dir='ltr'><strong><em>ἐφ’</em></strong></span> <span class='ocrx_word' id='word_1_205' title='bbox 904 2558 1062 2645; x_wconf 76' lang='grc' dir='ltr'><strong><em>ὅτουπερ</em></strong></span> <span class='ocrx_word' id='word_1_206' title='bbox 1071 2554 1114 2627; x_wconf 74' lang='grc' dir='ltr'><strong><em>ἀν</em></strong></span> 
     </span>
     <span class='ocr_line' id='line_1_25' title="bbox 164 2657 1115 2747; baseline 0.003 -22"><span class='ocrx_word' id='word_1_207' title='bbox 164 2657 386 2744; x_wconf 78' lang='grc' dir='ltr'><strong><em>λαμβάνηται,</em></strong></span> <span class='ocrx_word' id='word_1_208' title='bbox 398 2661 452 2732; x_wconf 81' lang='grc' dir='ltr'><strong><em>καί</em></strong></span> <span class='ocrx_word' id='word_1_209' title='bbox 463 2659 544 2746; x_wconf 82' lang='grc' dir='ltr'><strong><em>μήτε</em></strong></span> <span class='ocrx_word' id='word_1_210' title='bbox 556 2667 760 2746; x_wconf 85' lang='grc' dir='ltr'><strong><em>λειτουργίας</em></strong></span> <span class='ocrx_word' id='word_1_211' title='bbox 770 2659 845 2747; x_wconf 82' lang='grc' dir='ltr'><strong><em>μήτ’</em></strong></span> <span class='ocrx_word' id='word_1_212' title='bbox 858 2666 953 2729; x_wconf 78' lang='grc' dir='ltr'><strong><em>ἔλεον</em></strong></span> <span class='ocrx_word' id='word_1_213' title='bbox 963 2657 1043 2745; x_wconf 79' lang='grc' dir='ltr'><strong><em>μήτ’</em></strong></span> <span class='ocrx_word' id='word_1_214' title='bbox 1052 2657 1115 2728; x_wconf 43' lang='grc' dir='ltr'><strong><em>ἀνΒ</em></strong></span> 
     </span>
     <span class='ocr_line' id='line_1_26' title="bbox 164 2750 1112 2845; baseline 0.005 -23"><span class='ocrx_word' id='word_1_215' title='bbox 164 2760 228 2837; x_wconf 90' lang='grc' dir='ltr'><strong><em>δρα</em></strong></span> <span class='ocrx_word' id='word_1_216' title='bbox 238 2759 363 2842; x_wconf 85' lang='grc' dir='ltr'><strong><em>μηδένα</em></strong></span> <span class='ocrx_word' id='word_1_217' title='bbox 373 2756 454 2844; x_wconf 80' lang='grc' dir='ltr'><strong><em>μήτε</em></strong></span> <span class='ocrx_word' id='word_1_218' title='bbox 464 2760 582 2843; x_wconf 79' lang='grc' dir='ltr'><strong><em>τέχνην</em></strong></span> <span class='ocrx_word' id='word_1_219' title='bbox 592 2763 753 2845; x_wconf 90' lang='grc' dir='ltr'><strong><em>μηδεμίαν</em></strong></span> <span class='ocrx_word' id='word_1_220' title='bbox 764 2756 926 2845; x_wconf 79' lang='grc' dir='ltr'><strong><em>εὑρῆσθαι</em></strong></span> <span class='ocrx_word' id='word_1_221' title='bbox 942 2750 1021 2845; x_wconf 77' lang='grc' dir='ltr'><strong><em>μήτ’</em></strong></span> <span class='ocrx_word' id='word_1_222' title='bbox 1034 2756 1112 2827; x_wconf 80' lang='grc' dir='ltr'><strong><em>ἀλλο</em></strong></span> 
     </span>
     <span class='ocr_line' id='line_1_27' title="bbox 163 2853 1113 2945; baseline 0.008 -25"><span class='ocrx_word' id='word_1_223' title='bbox 163 2853 266 2938; x_wconf 69' lang='grc' dir='ltr'><strong><em>μηδὲν</em></strong></span> <span class='ocrx_word' id='word_1_224' title='bbox 306 2855 351 2922; x_wconf 90' lang='grc' dir='ltr'><strong><em>δι’</em></strong></span> <span class='ocrx_word' id='word_1_225' title='bbox 373 2853 453 2922; x_wconf 88' lang='grc' dir='ltr'><strong><em>ότου</em></strong></span> <span class='ocrx_word' id='word_1_226' title='bbox 474 2858 624 2944; x_wconf 87' lang='grc' dir='ltr'><strong><em>παραβάς</em></strong></span> <span class='ocrx_word' id='word_1_227' title='bbox 644 2885 693 2938; x_wconf 91' lang='grc' dir='ltr'><strong><em>τις</em></strong></span> <span class='ocrx_word' id='word_1_228' title='bbox 713 2858 792 2937; x_wconf 83' lang='grc' dir='ltr'><strong><em>τούς</em></strong></span> <span class='ocrx_word' id='word_1_229' title='bbox 812 2859 937 2945; x_wconf 88' lang='grc' dir='ltr'><strong><em>νόμους</em></strong></span> <span class='ocrx_word' id='word_1_230' title='bbox 954 2857 997 2926; x_wconf 89' lang='grc' dir='ltr'><strong><em>ού</em></strong></span> <span class='ocrx_word' id='word_1_231' title='bbox 1014 2859 1113 2928; x_wconf 77' lang='grc' dir='ltr'><strong><em>δώσει</em></strong></span> 
     </span>
     <span class='ocr_line' id='line_1_28' title="bbox 73 3047 1113 3139; baseline 0.011 -26"><span class='ocrx_word' id='word_1_232' title='bbox 73 3108 75 3113; x_wconf 92' lang='grc'>.</span> <span class='ocrx_word' id='word_1_233' title='bbox 103 3078 156 3135; x_wconf 79' lang='lat'><strong><em>⁶226</em></strong></span> <span class='ocrx_word' id='word_1_234' title='bbox 242 3047 351 3136; x_wconf 67' lang='grc' dir='ltr'><strong><em>Ἱμών</em></strong></span> <span class='ocrx_word' id='word_1_235' title='bbox 363 3053 397 3117; x_wconf 93' lang='grc' dir='ltr'><strong><em>οί</em></strong></span> <span class='ocrx_word' id='word_1_236' title='bbox 404 3051 571 3139; x_wconf 86' lang='grc' dir='ltr'><strong><em>θεώμενοι</em></strong></span> <span class='ocrx_word' id='word_1_237' title='bbox 580 3069 647 3133; x_wconf 76' lang='grc' dir='ltr'><strong><em>τοῖς</em></strong></span> <span class='ocrx_word' id='word_1_238' title='bbox 655 3060 848 3134; x_wconf 86' lang='grc' dir='ltr'><strong><em>Διονυσίοις</em></strong></span> <span class='ocrx_word' id='word_1_239' title='bbox 859 3053 1004 3124; x_wconf 79' lang='grc' dir='ltr'><strong><em>εἰσιόντα</em></strong></span> <span class='ocrx_word' id='word_1_240' title='bbox 1015 3061 1062 3136; x_wconf 86' lang='grc' dir='ltr'><strong><em>είς</em></strong></span> <span class='ocrx_word' id='word_1_241' title='bbox 1076 3054 1113 3124; x_wconf 89' lang='grc' dir='ltr'><strong><em>τό</em></strong></span> 
     </span>
     <span class='ocr_line' id='line_1_29' title="bbox 164 3149 1115 3237; baseline 0.005 -23"><span class='ocrx_word' id='word_1_242' title='bbox 164 3152 309 3232; x_wconf 83' lang='grc' dir='ltr'><strong><em>θέατρον</em></strong></span> <span class='ocrx_word' id='word_1_243' title='bbox 319 3156 440 3217; x_wconf 78' lang='grc' dir='ltr'><strong><em>τοῦτον</em></strong></span> <span class='ocrx_word' id='word_1_244' title='bbox 449 3153 631 3236; x_wconf 79' lang='grc' dir='ltr'><strong><em>ἐσυρίττετε</em></strong></span> <span class='ocrx_word' id='word_1_245' title='bbox 642 3154 697 3220; x_wconf 79' lang='grc' dir='ltr'><strong><em>καὶ</em></strong></span> <span class='ocrx_word' id='word_1_246' title='bbox 707 3151 880 3237; x_wconf 76' lang='grc' dir='ltr'><strong><em>ἐκλώζετε,</em></strong></span> <span class='ocrx_word' id='word_1_247' title='bbox 900 3155 957 3222; x_wconf 74' lang='grc' dir='ltr'><strong><em>καὶ</em></strong></span> <span class='ocrx_word' id='word_1_248' title='bbox 973 3149 1115 3222; x_wconf 73' lang='grc' dir='ltr'><strong><em>πάυταά</em></strong></span> 
     </span>
     <span class='ocr_line' id='line_1_30' title="bbox 164 3249 1115 3337; baseline 0.009 -25"><span class='ocrx_word' id='word_1_249' title='bbox 164 3251 281 3332; x_wconf 83' lang='grc' dir='ltr'><strong><em>μίσους</em></strong></span> <span class='ocrx_word' id='word_1_250' title='bbox 297 3249 365 3315; x_wconf 78' lang='grc' dir='ltr'><strong><em>ἐστὶ</em></strong></span> <span class='ocrx_word' id='word_1_251' title='bbox 382 3264 499 3335; x_wconf 77' lang='grc' dir='ltr'><strong><em>σημεῖα</em></strong></span> <span class='ocrx_word' id='word_1_252' title='bbox 514 3254 650 3320; x_wconf 77' lang='grc' dir='ltr'><strong><em>ἐποιεῖτε</em></strong></span> <span class='ocrx_word' id='word_1_253' title='bbox 665 3250 766 3321; x_wconf 75' lang='grc' dir='ltr'><strong><em>οὐδὲν</em></strong></span> <span class='ocrx_word' id='word_1_254' title='bbox 781 3250 960 3337; x_wconf 86' lang='grc' dir='ltr'><strong><em>ἀκηκοότες</em></strong></span> <span class='ocrx_word' id='word_1_255' title='bbox 976 3276 1031 3320; x_wconf 81' lang='grc' dir='ltr'><strong><em>πω</em></strong></span> <span class='ocrx_word' id='word_1_256' title='bbox 1040 3255 1115 3335; x_wconf 78' lang='grc' dir='ltr'><strong><em>περὶ</em></strong></span> 
     </span>
     <span class='ocr_line' id='line_1_31' title="bbox 164 3340 1114 3438; baseline 0.013 -29"><span class='ocrx_word' id='word_1_257' title='bbox 164 3340 271 3411; x_wconf 86' lang='grc' dir='ltr'><strong><em>αύτού</em></strong></span> <span class='ocrx_word' id='word_1_258' title='bbox 281 3344 360 3433; x_wconf 86' lang='grc' dir='ltr'><strong><em>παρ’</em></strong></span> <span class='ocrx_word' id='word_1_259' title='bbox 373 3349 463 3432; x_wconf 79' lang='grc' dir='ltr'><strong><em>ἐμοῦ.</em></strong></span> <span class='ocrx_word' id='word_1_260' title='bbox 487 3347 554 3416; x_wconf 81' lang='grc' dir='ltr'><strong><em>εἶτα</em></strong></span> <span class='ocrx_word' id='word_1_261' title='bbox 565 3352 643 3435; x_wconf 79' lang='grc' dir='ltr'><strong><em>πρὶν</em></strong></span> <span class='ocrx_word' id='word_1_262' title='bbox 654 3350 714 3436; x_wconf 71' lang='grc' dir='ltr'><strong><em>μὲν</em></strong></span> <span class='ocrx_word' id='word_1_263' title='bbox 724 3353 921 3438; x_wconf 76' lang='grc' dir='ltr'><strong><em>ἐλεγχθῆναι</em></strong></span> <span class='ocrx_word' id='word_1_264' title='bbox 931 3349 968 3419; x_wconf 90' lang='grc' dir='ltr'><strong><em>τό</em></strong></span> <span class='ocrx_word' id='word_1_265' title='bbox 980 3359 1114 3438; x_wconf 77' lang='grc' dir='ltr'><strong><em>πρᾶγμα</em></strong></span> 
     </span>
     <span class='ocr_line' id='line_1_32' title="bbox 166 3439 1113 3536; baseline 0.006 -25"><span class='ocrx_word' id='word_1_266' title='bbox 166 3439 360 3529; x_wconf 75' lang='grc' dir='ltr'><strong><em>ὀργίζεσθε,</em></strong></span> <span class='ocrx_word' id='word_1_267' title='bbox 383 3444 622 3532; x_wconf 73' lang='grc' dir='ltr'><strong><em>προύκαλεῖσθ’</em></strong></span> <span class='ocrx_word' id='word_1_268' title='bbox 642 3452 695 3516; x_wconf 81' lang='grc' dir='ltr'><strong><em>ίπὶ</em></strong></span> <span class='ocrx_word' id='word_1_269' title='bbox 709 3457 869 3536; x_wconf 85' lang='grc' dir='ltr'><strong><em>τιμωρίαν</em></strong></span> <span class='ocrx_word' id='word_1_270' title='bbox 879 3448 939 3518; x_wconf 88' lang='grc' dir='ltr'><strong><em>τόν</em></strong></span> <span class='ocrx_word' id='word_1_271' title='bbox 949 3451 1113 3529; x_wconf 85' lang='grc' dir='ltr'><strong><em>παθόντα,</em></strong></span> 
     </span>
    </p>
   </div>
   <div class='ocr_carea' id='block_1_3' title="bbox 0 0 1168 3894">
    <p class='ocr_par' dir='ltr' id='par_1_6' title="bbox 0 0 1168 3894">
     <span class='ocr_line' id='line_1_33' title="bbox 0 0 1168 3894; baseline 0 0"><span class='ocrx_word' id='word_1_272' title='bbox 0 0 1168 3894; x_wconf 95' lang='lat' dir='ltr'><strong><em> </em></strong></span> 
     </span>
    </p>
   </div>
  </div>
 </body>
</html>
