2318 3894
257 265 395 329 ΚΑΤΑ
419 260 816 325 ΤΙΜΩΚΡΑΤΟῬΣ.
925 255 1010 321 -226

66 429 121 520 ἀφ’
135 422 188 516 ού,
207 425 295 497 ἀλλὰ·
302 431 480 511 πεποίηκεν
490 446 533 489 ου
542 421 648 507 μόνον
660 417 724 506 πρὸ
742 445 799 505 της
809 415 932 504 ημέρας
941 411 1012 506 ἔνη

65 535 194 599 τέθεικε
205 526 325 645 κύριον
335 522 395 591 τόν
405 522 523 606 νόμον,
541 517 624 586 6666
635 523 689 586 καὶ
705 515 771 601 πρό
783 540 843 584 τον
828 520 1012 602 γενέσθαι

66 625 139 696 τινὰ
152 623 262 711 ἡμῶν
284 619 440 704 ἀόριστον
457 617 521 704 γὰρ
538 617 667 684 ἅπαντα
683 614 743 682 τόν
756 614 1011 701 παρεληλυθότα
1049 685 1054 691 ,

66 727 342 810 προσπεριείληφε
353 717 482 803 χρόνον.
500 722 605 785 καίτοι
615 721 699 799 χρῆν
707 732 755 797 σε,
764 739 790 780 ω
778 707 1010 798 Τιμόκρατες,

67 849 88 908 η
100 844 222 888 τουτον
233 814 276 903 μη
288 817 460 901 γρύφεινη
447 809 600 882 Ἃἐκεῖνον
610 813 704 879 λύειν
711 810 809 898 ,ούχ,
831 817 887 881 ἵνα
897 810 915 880 ὁ
910 813 1013 899 βού·

68 927 118 987 λει
128 914 172 984 σύ
184 917 327 1000 γένηται,
344 910 502 981 πάντατὰ
513 911 686 996 πράγματα
697 911 905 997 συνταράξαι
937 915 1011 996 λέγε

69 1015 173 1082 ἄλλον
183 1010 311 1099 νόμον.

453 1133 628 1194 ΝΟΜΟΣ.

28 1282 62 1334 45
156 1261 255 1342 [Μηδε
272 1261 355 1365 περὶ
355 1264 414 1321 τῶν
430 1251 557 1359 66666,
582 1254 661 1332 όπως
678 1282 733 1338 χρη
722 1234 945 1357 ἐπιτίμονς’
909 1253 1016 1330 αιιτούς

114 1341 196 1447 είνιῳ,
208 1343 281 1424 μηδὲ
292 1341 357 1423 περὶ
369 1346 429 1403 τῶν
441 1334 617 1441 ὀφειλόντων
629 1347 698 1412 τοῖς
700 1345 783 1412 θεοις
793 1363 813 1418 η
833 1362 873 1420 τῳ
861 1340 1015 1440 δημοσίῳ
1024 1362 1074 1417 715

112 1452 152 1534 τῳ
169 1422 337 1529 Ἀθηναίων
361 1424 428 1505 περὶ
446 1417 579 1522 ύφέσεως
599 1428 653 1483 τοῦ
673 1415 880 1524 ὀφλήματος
859 1446 879 1501 η
899 1400 1014 1502 τάξεως,

114 1490 224 1573 δύο
187 1536 228 1591 μη
257 1507 473 1588 ψηφισαμένων
499 1498 722 1606 Ἀθηναίων
689 1529 744 1586 την
768 1500 876 1566 ἄδειαν
898 1510 1016 1585 πρῶτον

112 1620 153 1674 μη
141 1590 282 1657 ἔλαττον
294 1592 538 1696 ἕξακισχιλίων,ο
522 1580 596 1661 οἷς
576 1613 615 1650 αν
624 1583 674 1664 665
659 1592 695 1674 6
706 1583 842 1692 κρύβδην
851 1593 950 1668 ψηφιζ
934 1587 1014 1667 ζ-ομέ

113 1701 183 1751 νοις.
215 1671 312 1738 τότεδ
340 1675 445 1749 ἐξεῖναι
462 1673 643 1753 χρηματίζειν
661 1666 730 1736 καθ’
743 1666 759 1735 6
777 1697 805 1735 τι
822 1665 915 1760 όντη
893 1676 1015 1756 βουλῇ

113 1761 164 1820 καὶ
175 1784 215 1841 τῳ
203 1753 311 1843 δήμῳ
325 1759 419 1839 δόκη]

24 1863 62 1958 46
148 1881 266 1958 Αλλος
286 1871 384 1957 οὗτος
405 1879 516 1966 νόμος,
539 1880 601 1950 ούκ
622 1885 687 1951 ἐῶν
707 1884 870 1970 περὶτῶν
889 1879 1015 1967 ἀτίμων

72 1977 151 2047 οὐδὲ
171 1986 239 2045 τῶν
259 1974 463 2062 ὀφειλόντων
479 1970 592 2065 λέγειν
619 1980 698 2050 0666
682 1983 921 2101 ὲχρηματίζειν
941 1982 1016 2066 περὶ

71 2074 218 2161 αφέσεως
229 2101 297 2141 των
307 2072 509 2162 οφληματων
518 2076 598 2148 ονδ
607 2074 772 2164 τόξεως,”
750 2105 793 2146 αν
803 2102 847 2163 μη
836 2075 1016 2162 τηςαδεί-
1090 2137 1095 2157 ,

72 2201 111 2252 ας
127 2178 291 2258 δοθείσης,
314 2176 369 2242 καὶ
390 2173 511 2261 ταύτης
530 2175 575 2264 μὴ
598 2172 774 2263 ἔλαττονῆ
795 2177 1015 2261 ἑξακισχιλίων

72 2273 322 2357 ψηφισαμένων.
346 2264 488 2352 ούτοςδ’
500 2274 678 2360 ένραψεν”
656 2301 829 2361 αντικρνς,
846 2275 901 2353 καὶ
912 2284 943 2342 εί
951 2298 1016 2340 τινι

71 2394 141 2435 των
151 2366 355 2453 οφειλοντων
365 2373 489 2455 δεσμου
500 2369 896 2460 προστετίμηταιεδναι
860 2396 921 2457 την
932 2395 1017 2455 αφε

72 2485 128 2533 σιν
137 2469 345 2555 πορισαμένῳ
356 2493 436 2548 τους
444 2473 725 2558 ἐγγυησομένους,
743 2495 784 2543 ον
774 2470 1017 2555 ’προτεθέντος

72 2560 211 2642 ούδενὸς
231 2569 305 2649 περὶ
325 2567 469 2652 τούτων,
492 2567 571 2645 0666
592 2575 746 2658 δοθείσης
765 2567 876 2665 ἀδείας
897 2572 1014 2653 λέγειν.
1050 2597 1053 2602 ’

28 2659 357 2750 47666666666606,
380 2663 456 2733 066¹
467 2665 648 2736 έπειδαν
611 2695 673 2755 την
684 2668 799 2737 αδειαν
810 2665 949 2755 ενρηταί
955 2690 1013 2753 τις,

74 2758 231 2827 ἔδωκεν*
208 2787 252 2839 ως
263 2788 307 2828 αν
316 2763 477 2849 βούληται
487 2765 652 2852 πραττειν,
670 2764 774 2836 666‘
751 2794 794 2874 ως
805 2792 849 2835 αν
859 2791 898 2854 τη
885 2770 1016 2852 βουλῇ

72 2859 128 2925 καὶ
138 2882 183 2945 τῳ
172 2858 288 2946 δήμῳ
299 2864 396 2947 δοκῇ·
417 2888 463 2929 ιω
448 2863 512 2931 δ
524 2862 587 2933 ούιι
604 2855 771 2953 ἀπέχρησέ
783 2870 863 2932 τοδτ
867 2861 1017 2930 ’ύδικεῐν

72 2954 227 3040 μόνον,ε
212 2960 242 3022 εί
257 2981 301 3042 μη
291 2953 411 3026 δοθεί
397 2966 469 3081 ίσης
478 2969 535 3048 τῆς
546 2961 655 3042 ἀδείας
670 2965 820 3049 λέγεικαὶ
832 2961 1017 3048 νόμονείσ-

73 3055 167 3138 φέρει
177 3055 252 3136 περὶ
262 3052 401 3139 τούτων,
420 3049 504 3125 6666
513 3061 569 3128 καὶ
580 3065 714 3146 προσέτι
726 3057 789 3128 ούκ
806 3085 822 3126 ε
823 3065 923 3146 ςτην
933 3065 1018 3145 βον-

71 3149 154 3236 λὴν,
172 3147 234 3218 ούκ
246 3148 340 3230 είς
305 3177 366 3219 τον
377 3157 485 3239 δῆμον
496 3157 599 3226 εἰπόν
610 3157 826 3245 περὶτούτων
839 3155 957 3241 ρύδὲν,
978 3159 1018 3225 όν

72 3247 283 3336 παραβύστῳ,
295 3256 353 3333 τῆς
362 3256 535 3340 βονλῆςμέ
535 3281 556 3323 ν
566 3253 762 3344 ἀφειμένης,
779 3253 891 3324 τόνδ’
905 3254 1017 3323 ἄλλων

72 3345 126 3411 δια
148 3343 211 3432 τὴν
232 3344 351 3433 ἑορτὴν
372 3352 605 3437 ίερομηνίαν’
586 3354 755 3440 αμόντων,
778 3353 889 3440 λύθρῳ
911 3353 1017 3438 νόμον

26 3444 268 3530 ιθείσήνεγκεν.
297 3451 402 3514 καίτοι
410 3473 497 3536 ηρην
505 3451 560 3537 σε,
573 3445 601 3521 6
615 3450 853 3542 Ίλμόκρατες,ε
837 3446 991 3517 ίδοτα
957 3472 1018 3514 τον

112 3540 245 3592 Βεωοιιλι.
270 3540 328 3594 vol.
340 3541 374 3594 ll
782 3551 816 3602 15
