2318 3894
161 230 279 298 408·
359 203 909 294 ’κικνιΔΗΜοΣοεΝονΣ
1012 193 1048 311 J

161 392 235 462 τότε
245 396 323 479 μὲν,
336 383 363 460 5
374 390 494 477 ἄνδρες
503 392 669 473 δικασταὶ,
686 387 733 457 ὅτ’
743 388 899 476 ἐβούλετο
911 387 951 458 τά
962 391 1118 479 χρήματα

154 500 275 579 ’λαβεῖν
285 489 358 577 παρ’
370 488 477 577 ήμῶν,
495 490 550 556 καλ
561 484 705 573 άδελφὸς
716 491 779 574 ἔφη
790 485 874 556 εἶναι
885 490 939 555 καλ
949 488 1118 570 κοινωνὸς

160 600 222 660 τοῦ
230 581 449 678 Ἀρτέμωνος,
472 586 527 654 καί
543 586 665 671 λόγους
680 592 878 678 θαυμασίως
889 582 932 665 ὡς
943 587 1116 668 κιθανούς

120 706 154 763 17
162 694 286 774 ὂλεγεν·
310 686 421 772 ἐπειδή
437 684 617 769 δέτάχιστα
628 687 795 770 ἐγκρατεῖς
813 687 966 777 ἐγένοντο
976 694 1041 756 τοῦ
1052 686 1115 773 άρ·

160 795 291 907 γυρίου,
312 793 410 869 τοῦτο
421 783 482 871 μὲν
493 788 717 868 διενείμαντο
708 786 763 850 καί
774 785 917 867 ἐχρῶντο
929 783 950 853 5
960 811 992 852 τι
1002 784 1114 854 ἐδόκει

160 885 309 968 τούτοις,
332 909 415 950 κατα
404 878 539 968 δέτήν
550 881 749 1006 συγγραφήν
760 882 822 1001 τήν
837 881 1017 970 ναυτικήν,
1034 881 1111 953 καθ’

161 981 203 1070 5v
216 977 384 1069 ἔλαβον
348 1008 388 1049 τα
400 980 567 1100 χρήματα,
580 981 657 1048 οὔτε
674 982 758 1066 με’γα
767 977 845 1048 ον’τε
856 980 978 1067 μικρὸν
989 987 1113 1067 ἐπρατ-

161 1107 231 1202 ταν,
244 1077 289 1158 ὡς
300 1076 381 1146 αὐτὸ
391 1105 429 1146 το
419 1066 545 1170 ἔργον
559 1078 733 1166 ἐδήλωσεν
763 1077 877 1147 οὑτοσὶ
893 1080 928 1148 δὲ
945 1080 1114 1166 Λάκριτος
1148 1104 1153 1110 ·

47 1220 51 1228 ·
161 1204 320 1247 ακαντων
330 1205 375 1266 ην
384 1203 541 1246 τουτωνο
530 1174 718 1264 ’.ἐξηγητής
750 1175 826 1246 καθ’
838 1179 981 1246 ἕκαστον
995 1179 1033 1246 δὲ
1042 1204 1114 1246 των

160 1276 399 1365 γεγραμμένων
415 1280 451 1344 ἐν
466 1285 507 1366 τῇ
523 1284 701 1365 συγγραφῇ
717 1278 864 1358 ἐπιδείξω
882 1275 1025 1356 τούτους
1036 1273 1112 1344 οὐδ’

160 1374 274 1444 ὁτιοῦν
285 1375 504 1463 πεποιηκότας
515 1373 614 1461 ὑγιές.

11 1482 17 1496 ’
117 1511 154 1567 18
244 1490 457 1577 Πρῶτονμέν
467 1488 530 1575 γάρ
541 1493 722 1577 γέγραπται
737 1489 789 1560 ὅτι
805 1488 851 1559 ἐτ’
864 1500 961 1560 οίνου
971 1497 1111 1577 κεραμί-

160 1613 209 1667 οις
225 1594 412 1674 τρισχιλίοις
433 1591 636 1670 ἐδανείζοντο
653 1588 729 1674 παρ’
744 1586 839 1677 ήμῶν
853 1591 911 1670 τάς
929 1589 1110 1676 τριάκοντα

159 1694 260 1773 μναῖς,
283 1683 327 1764 ὡς
338 1683 551 1773 ὑπαρχούσης
566 1688 679 1767 αὐτοῖς
696 1687 872 1776 ὑποθήκης
883 1690 1110 1776 ἑτέρωντριά-

158 1808 266 1851 κοντα·
278 1790 390 1869 μνῶν,
412 1781 487 1853 ὥστ’
507 1791 553 1863 είς
572 1784 735 1856 τάλαντον
752 1786 915 1909 άργυρίον
930 1789 994 1875 τήν
1010 1787 1110 1875 τιμήν

159 1879 243 1948 εἶναι
254 1906 318 1958 του,
302 1887 423 1949 οίνου
434 1889 698 1973 καθισταμένην,
722 1888 787 1954 σὺν
797 1902 865 1966 τοῖς
881 1885 1109 1973 άναλάμασιν,

159 1979 222 2048 ὅσα
240 1983 306 2047 ἔδει
321 1978 561 2077 ἀναλίσκεσθαι
582 1990 627 2062 είς
650 1983 715 2072 τήν
727 1983 941 2072 κατασκευήν
956 1984 1020 2071 τήν
1035 1987 1109 2070 περὶ

159 2080 219 2148 τὸν
230 2078 339 2170 οἶνον
360 2107 400 2148 τα
388 2080 448 2149 δε
461 2090 621 2168 τρισχίλια
637 2084 777 2204 κεράμια
794 2083 937 2169 άγεσθαι
946 2093 1053 2151 ταῦτα
1065 2088 1109 2162 είς

158 2179 217 2247 ’τὸν
228 2164 363 2249 Πόντον
374 2183 410 2249 ἐν
420 2189 462 2269 τῇ
473 2207 489 2248 ε
490 2181 651 2273 ίκοσόρω,
670 2179 713 2268 ήν
721 2180 888 2270 Τβλήσιος
899 2182 1105 2268 ἐναυκλήρει.

91 2294 149 2349 19
145 2282 338 2372 γέγραπται
352 2283 419 2402 μὲν
434 2287 539 2347 ταῦτα
556 2283 593 2347 ἐν
609 2289 651 2367 τῇ
667 2288 913 2366 συγγραφῇ,ω
887 2272 1045 2362 ωάνδρες
1057 2281 1107 2345 δι-

159 2372 337 2465 κασταί,
314 2407 354 2466 ης
364 2378 458 2465 υμείς
469 2405 649 2466 ακηκοατε
672 2373 809 2448 οὗτοιδ
820 2375 894 2446 αντὶ
903 2405 972 2445 των
981 2396 1108 2462 τρισχι

156 2484 239 2544 λίων
249 2484 416 2563 κεραμίων
427 2474 505 2546 0555
517 2478 716 2546 πεντακόσια
726 2477 867 2564 κεράμια
879 2473 970 2555 είς
934 2502 972 2543 το
989 2483 1108 2544 πλοῖον

157 2578 328 2661 ἐνέθεντο,
354 2574 423 2643 ἀλλ’
439 2574 513 2644 άντλ
529 2602 591 2646 του
608 2576 798 2664 ἠγοράσθαι
810 2573 920 2654 αὐτοῖς
930 2572 991 2641 τὸν
1003 2572 1105 2657 οἶνον,

99 2712 103 2724 =
153 2671 240 2740 ὅσον
251 2682 416 2761 προσῆκε,
427 2689 495 2756 τοίς
505 2677 668 2763 χρήμασιν
680 2680 822 2761 ἐχρῶντο
835 2672 856 2741 5
867 2700 898 2740 τι
909 2671 1017 2740 ἐδόκει
1027 2670 1107 2740 τού-

156 2795 261 2863 τοις,
260 2769 300 2837 τά
319 2772 356 2838 δὲ
371 2773 510 2858 κεράμια
521 2773 561 2840 τοὶ
572 2781 732 2860 τρισχίλια
745 2770 819 2840 οὐδ’
827 2775 1017 2858 ἐμέλλησαν
1028 2768 1106 2838 οὐδὲ

93 2903 96 2919 ·
158 2854 382 2955 διενοήθησαν
393 2873 595 2939 ἐνθέσθαιεέ
582 2878 657 2950 ἐςτο
647 2870 786 2940 κλοιον
795 2871 877 2940 κατὰ
887 2869 1106 2958 τήνσυγγρα-

60 2984 63 2991 ’
158 2967 237 3088 φήν.
271 2965 369 3035 ὅτιδ’
384 2966 493 3056 άληθή
511 2977 614 3038 ταῦτα
633 2975 735 3056 λέγω,
758 2973 837 3058 λαβὲ
848 2996 909 3056 την
920 2975 1106 3055 μαρτυρίαν

155 3073 226 3133 τείν
237 3068 475 3151 συμπλεόντων
484 3069 522 3137 ἐν
532 3077 578 3160 τῷ
589 3065 678 3159 αὕτη)
665 3075 795 3160 κλοίω
806 3056 949 3146 τούτοις

504 3244 753 3309 MAPTYPIA.

114 3386 150 3440 20
241 3367 577 3478 [Ἐρασικλῆςμαρτυρει
568 3376 778 3484 κυβερνᾶν
747 3403 801 3461 την
811 3387 888 3446 ναῦν
894 3377 944 3485 ήν
954 3377 1108 3466 Ὑβλήσιος

199 3455 387 3568 ἐναυκλήρει,
410 3462 461 3525 καὶ
483 3464 590 3528 εἰδέναι
609 3459 866 3550 Ἀκολλόδωρον’
847 3462 993 3549 αγάμενον
1014 3469 1047 3531 ἐν
1067 3473 1108 3554 τῷ
