2318 3894
44 255 176 316 ’ΠΡΟΣ
194 251 405 315 ΒΟΙΩΤΟΝ
421 250 531 312 ΠΕΡΙ
544 251 633 313 Tor
648 249 915 312 ΟΝΟΜΑΤΟΣ.
936 246 1000 312 4θὸ

55 413 122 483 ἀλλ’
136 411 318 498 άναγκαλον
327 403 371 497 ἦν
382 413 417 478 ἐκ
429 416 498 476 τοῖν
508 412 786 496 σνμδησομένων,
806 418 837 479 εἰ
845 410 889 497 μη
901 417 1004 478 τοῦτο’

30 511 292 596 κδιορθάσομαι,
304 511 341 576 ἐν
353 507 431 593 ὑμῖν
443 515 611 593 κραθῆναι.
642 510 742 593 εἰμὲν
753 502 816 577 οὖν
828 512 941 592 ἑτέρον
951 533 1001 574 τι-
1055 529 1058 537 ·

53 609 114 689 νὰς
125 600 223 686 οὗτος
235 613 298 692 ἔφη
308 603 433 692 πατρὸς
443 603 529 672 εἶναι
544 603 655 692 καὶμὴ
667 603 811 692 τούμοῦ,
831 609 1002 691 περίεργος

55 735 99 775 αν
110 711 242 783 εικοτως
253 702 436 772 έδοκονν
405 729 490 771 ειναι
507 710 644 790 φροντίζ
645 730 763 772 ωνοτι
773 705 929 793 βουλεται
940 727 1003 771 κα
1022 698 1027 706 ’

55 815 126 874 λελν
139 800 237 881 ουτος
249 828 377 870 εαυτον
404 805 524 869 νῦνδὲ
541 801 652 888 λαχοδν
663 806 807 894 δικην
776 829 821 870 τω
807 803 937 888 πατρὶ
954 806 1001 889 τῷ

56 907 123 992 έμςο
140 905 195 968 καὶ
212 899 285 986 μεθ’
304 901 425 967 ἑαυτοῦ
441 888 689 978 κᾶτασκενάσας
706 872 923 1019 ἐργαστήριον
940 918 1003 966 σν-
1053 976 1056 984 ¹

55 1008 243 1086 κοφαντιῦν,
260 999 455 1119 Μνησικλέα
466 1022 511 1083 τε,
520 994 561 1064 ὃν
573 1006 650 1074 ἴσως
661 996 859 1082 γιγνώσκετε
870 997 1001 1082 πάντες,

55 1102 110 1168 καὶ
121 1100 295 1167 Μενεκλέα
306 1094 441 1181 τοντην
452 1103 564 1163 Νίνον
574 1097 690 1164 ελοντα
701 1099 845 1180 ἐκείνου,
868 1101 1003 1165 καλτοι-

56 1198 177 1276 ούτονς
197 1194 306 1280 τινάς,
335 1191 492 1274 ἐδικάζεθ’
515 1219 538 1259 υ
539 1193 589 1273 λός
539 1192 700 1262 λεῖναι
727 1194 869 1280 φάσκων
885 1196 922 1262 έκ
945 1200 1002 1305 της

56 1299 236 1380 Παμφίλου
247 1289 418 1378 θνγατρὸς
427 1295 482 1359 καὶ
493 1291 585 1358 δεινὰ
597 1292 734 1379 πάσχειν
749 1295 854 1360 καὶ
815 1317 872 1378 της
885 1294 1001 1374 πατρί-

32 1397 114 1471 3δος
129 1389 394 1474 ἀποστερεῖσθαι.
428 1416 446 1459 ο
461 1415 569 1475 πατηρ
586 1389 623 1457 δὲ
637 1386 755 1556 (πάσαὲ
758 1388 823 1476 γάρ
840 1388 1002 1476 εἰρήσεται
1073 1383 1076 1389 ’

56 1488 245 1577 ἡάλήθεια,
269 1515 295 1556 ω
284 1482 436 1576 ἄνδρες
453 1487 655 1573 δικασταὶ)
632 1490 755 1610 αμαμὲ
755 1515 775 1555 ν
793 1487 1004 1574 φοβούμενος

57 1594 103 1666 εἰς
113 1588 327 1673 δικαστήριον
340 1591 490 1674 εἰσιέναι,
519 1588 564 1674 μη’
575 1613 623 1666 τις
633 1583 723 1656 οἷα
703 1585 769 1657 υπδ
788 1594 1001 1672 πολιτευομέ-

56 1712 120 1753 νου
136 1687 278 1770 ἑτέρωθί
292 1710 358 1753 πον
381 1687 607 1776 λελυπημένος
624 1689 763 1756 ἐνταυθὶ
782 1686 1002 1774 ἀπαντήσειεν

57 1781 158 1871 αὐτῷ,
182 1782 250 1869 ἅμα
272 1781 305 1849 δ’
327 1785 539 1870 ἐξαπατηθεὶς
560 1780 626 1851 666
648 1791 706 1872 τῆς
724 1787 860 1854 τουτονὶ
880 1782 1002 1872 μητρὸς

58 1881 225 1968 ὀμοσάσης
235 1877 336 1965 αὐτῆς
350 1873 372 1966 ἦ
382 1883 458 1966 μην,
467 1881 525 1948 ἐάν
535 1879 639 1967 ὅρκον
649 1881 733 1969 αὐτῇ
744 1887 828 1972 διδῷ
837 1885 911 1968 περὶ
922 1881 1016 1951 κου’--

56 2007 140 2062 των,
162 1981 206 2066 μη
223 1975 393 2064 ὀμεῖσθαι,
418 1980 547 2048 τούτων
563 1981 599 2046 δὲ
611 1981 829 2065 πραχθέντων
846 1979 947 2049 οὐδὲν
957 1987 1005 2049 έτι

57 2085 195 2148 ἔσεσθαι
206 2076 335 2162 αὐτοῖς,
356 2080 411 2146 καὶ
426 2080 735 2164 μεσεγγυησαμένης
749 2074 928 2164 ἀργύριον,
952 2080 1004 2146 έπλ

34 2172 187 2257 4τοάτοις
207 2176 403 2244 δίδωσιτδν
422 2175 534 2261 ὅρκον.
568 2173 588 2260 ἡ
609 2175 645 2242 δὲ
662 2177 820 2262 δεξαμένη
838 2173 880 2243 06
897 2176 1003 2262 μόνον

57 2286 195 2364 τοῦτον,
214 2272 298 2343 άλλά
309 2277 364 2343 καὶ
380 2272 439 2342 τὸν
450 2270 598 2358 άδελφδν
608 2269 669 2340 τδν
678 2273 793 2357 ἕτερον
802 2270 886 2359 πρὸς
896 2274 1002 2364 τούτῳ

58 2374 270 2459 κατωμόσατο
281 2377 316 2440 ἐκ
327 2380 389 2440 τοῦ
399 2370 521 2456 πατρὸς
532 2371 617 2440 εἶναι
627 2397 688 2440 του
674 2371 835 2458 έμοῦ.“
812 2399 856 2451 ως
868 2373 903 2441 66
916 2368 1001 2440 τοῦτ’

58 2477 261 2559 έποίησεν,ε
245 2471 392 2556 εἰσάγειν,
403 2477 449 2549 ελς
465 2468 546 2550 τοὺς
553 2471 720 2569 φράτερας
730 2497 774 2557 ην
783 2496 912 2556 αναγκη
923 2470 1003 2538 τού·

44 2591 136 2650 ’τονς
145 2572 200 2638 καὶ
210 2570 308 2654 λογος
319 2567 428 2648 ουδεὶς
444 2556 644 2638 ὑπελείπετο.
677 2570 868 2658 εἰσήγαγεν,
890 2567 1003 2655 606-

59 2667 149 2832 σηιτο,
162 2672 218 2737 ινα
226 2693 289 2736 ταν
298 2669 386 2756 μέσῳ
399 2672 565 2755 συντέμω,
583 2667 742 2786 ἐγγράφει
757 2682 826 2748 τολς
844 2666 1004 2736 Ἀπατον-
1088 2668 1091 2673 ’

12 2783 17 2789 ‘
60 2773 143 2851 ροις
151 2769 283 2836 τουτονὶ
299 2766 518 2855 μὲνΒοιωτδν
534 2771 580 2857 εἰς
594 2764 870 2857 τούςιφράτερας,
892 2765 952 2836 τὸν
971 2763 1004 2835 δ’

61 2864 175 2949 ἕτερον
189 2866 383 2950 Πάμφιλον·
406 2857 600 2944 Μαντίθεος
616 2863 649 2933 δ’
666 2866 915 2953 ἐνεγεγράμμην
926 2865 1001 2951 έγά.

37 2960 233 3048 σσυμβάσης
248 2963 285 3031 δὲ
301 2973 347 3051 τῷ
358 2967 456 3050 πατρὶ
473 2971 625 3049 τελευτῆς
639 2967 718 3050 πρὶν
734 2961 792 3040 τάς
804 2960 1066 3047 εἰςτούςδη-ςςς
1123 3013 1135 3027 .

62 3056 163 3145 μάτας
183 3059 351 3144 ἐγγραφεὶς
371 3056 539 3149 γενέσθαι,
562 3060 675 3131 έλθάν
697 3067 743 3139 ελς
762 3058 841 3138 τοὺς
863 3061 1006 3146 δημότας
1081 3086 1088 3094 ·

63 3155 177 3227 οὑτοσὶ
196 3156 270 3224 άντλ
289 3165 439 3227 Βοιωτοῦ
453 3166 652 3228 Μαντίθεον
671 3161 854 3244 ἐνέγραψεν
874 3159 1003 3228 ἑαυτόν

27 3261 161 3323 τοῦτο
184 3254 216 3322 δ’
239 3253 303 3322 ὅσα
326 3256 463 3342 βλάπτει
484 3264 590 3325 ποιάν
610 3263 743 3342 πρῶτον
762 3253 839 3340 μέν
844 3255 913 3341 ἐμὲ,
935 3255 1005 3325 εἶτα

29 3354 494 3444 δὲκαὶὺμάς,ε’γοὶδιδάξω,
518 3345 717 3462 έκειδάνοέν
730 3356 817 3465 λέγω
827 3357 1008 3459 παράσχω-

57 3483 115 3542 μαι
126 3479 305 3543 μάρτυρας
404 3484 408 3489 ·
459 3496 465 3514 ι
843 3503 851 3519 .

28 3566 30 3571 ·
98 3553 236 3610 Demosth.
261 3551 362 3608 v01.11.
718 3565 720 3570 ’
770 3555 805 3608 50
935 3584 939 3592 ·
