2318 3894
99 217 164 285 476
323 222 378 284 XL.
416 216 837 306 ΔΗΜΟΣΘΕΝΟΤΣ
879 222 903 233 ’“

100 408 160 445 των
169 383 285 445 παίδων
295 375 443 465 αναγκαλα
452 378 576 462 ποίησις.
596 372 902 480 άπρθαυόντοςδλιοῦ
909 382 1066 445 Μαντίου

101 469 133 528 ολ
146 461 274 540 ποῖδες”
258 489 337 566 ογτες
347 471 437 563 τρεῖς,
459 457 659 537 Μαντδθεοςὸ
674 463 752 524 ἐκ
716 487 766 547 της
777 458 858 562 νόμῳ
869 466 1065 545 γαμηθείσης

101 549 152 648 666
170 541 297 648 Βριατὸς
312 547 363 610 καὶ
373 543 532 627 Πάμφιλος
548 547 579 608 οἱ
593 547 693 625 ἕκτης
702 541 891 626 Πλαγγονος,
916 545 1064 625 ἐνέμοντο

100 626 156 712 τήν
176 624 288 693 οὐσίαν.
318 630 482 710 φάσκοντος
500 628 533 691 66
553 634 606 691 τοῦ
627 628 804 692 Μαντιθέου
825 633 938 728 προῖκα
960 630 1064 713 ἑαυτῷ

100 710 239 818 μητρῴαν
248 707 429 816 ὀφείλεσθαι,
440 705 567 786 Βοιωτὸς
578 710 628 773 καὶ
639 707 798 811 Πάμφιλος
809 711 860 772 καλ
871 704 957 773 αὐτοὶ
967 735 1061 794 προι-

100 776 1061 981 666666666666666

100 964 258 1042 νεήιοσθαι
267 984 411 1024 πανταειι
434 963 499 1040 ἴσης
509 954 633 1043 πλην
597 984 649 1041 της
659 961 807 1060 οἰκίας,
790 985 821 1022 ιν
824 953 1040 1061 οποτέρων
1016 986 1059 1023 αν

99 1043 121 1150 6
131 1043 225 1127 μήτηρ
237 1051 319 1150 φυγή
326 1051 438 1146 ,προῖκα
450 1043 684 1145 εἰσενεγκορμένη,
700 1038 812 1117 τούτοις
822 1036 881 1105 άπὸ
892 1050 1006 1145 τήςκ
956 1047 1006 1107 οἰκ
1007 1047 1058 1119 ίας

101 1122 285 1230 αποδοθῇ
256 1153 288 1191 το
300 1124 457 1229 άργύριοη,
480 1127 531 1188 καλ
540 1120 667 1206 πλην
626 1151 686 1188 των
696 1119 949 1228 66666666vf'
930 1149 1015 1202 οπως
1025 1129 1060 1190 οἱ

100 1206 230 1292 περλτὸν
242 1211 392 1312 Βοιιιτδν,
409 1204 461 1273 666
472 1209 655 1310 ἐπιζηηάσί
632 1214 728 1271 τιτῶν
732 1209 847 1313 ἔνδον,
856 1210 962 1290 ἔχωσιν
972 1212 1053 1292 ἐλεγ
1065 1224 1104 1277 10(

102 1318 162 1375 χον.
186 1319 268 1398 μετα
255 1289 417 1359 δὲταῦτα
428 1286 655 1357 άντενειιάλεσαν
666 1285 847 1400 άλλήλρις,“
836 1294 918 1394 ομὲν
928 1296 1053 1356 Mam-

26 1450 31 1460 ·
99 1385 170 1452 θεος
172 1372 299 1482 ὑπὲρ
264 1403 314 1460 της
320 1374 460 1484 μητρῴας
472 1369 539 1439 ούσλ
537 1402 587 1455 ας,
525 1376 704 1439 λέιιεῖνοι
715 1371 772 1439 δὲ
756 1376 830 1459 νπὲρ
838 1371 941 1440 άλλων
949 1384 1051 1440 τινῶν.

100 1456 180 1525 66‘
169 1486 185 1524 ο
203 1461 350 1607 66666669
368 1461 547 1562 Μαντιθέου
551 1459 618 1559 666
639 1453 839 1561 66666666666,
862 1465 997 1568 1366606
1019 1461 1052 1523 δέ

100 1548 232 1607 κατεδιιά
230 1564 315 1646 τησεγ
327 1541 459 1646 ἐρήμην.
467 1538 603 1644 λαγχάνει
615 1536 656 1644 66
662 1546 836 1643 Μανιάθερς
846 1543 896 1605 καὶ
909 1545 948 1617 εἰς
959 1566 991 1606 το
980 1537 1049 1606 δι-

99 1624 258 1712 κασιήριου
269 1620 347 1710 ιιύτῳ
358 1652 413 1707 την
422 1619 516 1706 αὐτὴν
527 1619 656 1706 δίκην,’
640 1632 772 1688 απαιιῶν
781 1620 836 1707 τήν
845 1632 962 1709 προῖκα.

180 1856 326 1924 Πάντων
343 1858 432 1925 ἐστὶν
447 1852 683 1943 ἀνιαρότατον,
707 1851 735 1926 6
750 1858 870 1947 ἄνδρες
888 1852 1050 1945 δικασταὶ,

97 1954 180 2024 ὅταν
198 1980 248 2035 τις
267 1951 406 2042 ὀνόματι
423 1954 484 2041 μὲν
499 1951 644 2042 άδελφός
660 1967 918 2047 προσαγορευθῇ
935 1968 1050 2042 τινῶν,

96 2060 142 2144 τῷ
167 2051 198 2120 δ’
224 2058 309 2143 ἐργῳ
334 2052 478 2140 ἐχθρούς
498 2058 553 2140 ἔχη
575 2052 729 2174 τούτους,
752 2057 809 2125 καὶ
828 2053 1053 2144 ἀναγκάζηται

98 2148 204 2225 πολλοὶ
222 2151 277 2218 καλ
294 2148 387 2218 δεινά
405 2148 529 2218 παθάν
544 2146 604 2216 ὑπ’
623 2150 737 2219 αὐτοῖν
753 2179 768 2220 ε
770 2153 888 2220 ίσιέυαι
898 2158 944 2233 εἰς
956 2159 1051 2223 δικα-

73 2250 250 2335 κστήριου,
272 2246 293 2317 6
307 2259 373 2317 νῦν
388 2252 460 2337 ἐμοὶ
477 2252 694 2338 συμβέβηκεν.
725 2277 767 2318 ου
776 2278 840 2337 γαρ
851 2277 958 2336 μονον
968 2278 1052 2320 ατο-

97 2349 185 2469 χημά
200 2374 257 2435 μοι
274 2346 342 2429 ἐξ’
323 2355 425 2435 αρχῆς
443 2351 589 2434 ἐγένετο,
612 2349 695 2417 διότι
705 2342 906 2435 Πλαγγάν’
886 2349 1052 2435 ητούτοιυ

98 2447 205 2533 μήτηρ
221 2445 500 2534 ἐξαπατήσασα
465 2474 526 2516 τον
542 2450 666 2533 πατέρα
683 2473 748 2543 μου
759 2451 815 2515 καὶ
811 2447 1050 2568 ἐπιορκήσασα

99 2542 1048 2670 φανεράςήυάγκασεναύτδνὺπομεϊναιτούτρυςποιήσα-

99 2653 190 2728 σθαι,
203 2648 257 2712 καὶ
269 2643 322 2712 διά
334 2654 431 2713 τοῦτο
444 2671 484 2712 τα
473 2643 558 2712 δύο
569 2647 651 2731 με’ρη
662 2651 731 2721 τῶν
739 2640 901 2732 πατρῴων
910 2641 1048 2710 άπιστε-

99 2741 224 2828 ρήθην·
247 2740 330 2809 ἀλλὰ
342 2740 430 2860 πρὸς
446 2743 576 2820 τούτοις
592 2741 784 2827 ἐξελήλαμαι
795 2741 884 2828 666⁷
868 2766 903 2808 εκ
913 2748 972 2826 τῆς
984 2765 1048 2808 ποι-

99 2838 268 2926 τρςάαςκ
217 2844 268 2906 οἰκ
270 2835 350 2916 ἐσς’
331 2837 396 2905 666
383 2838 553 2960 τρύτοιν,
569 2832 638 2906 66
616 2865 636 2924 η
649 2843 703 2906 καὶ
713 2841 878 2964 67666'666
885 2843 940 2907 καὶ
951 2840 1049 2925 ἐτρά-

99 2963 168 3022 φην
179 2963 232 3005 και
222 2933 321 3017 εές“
299 2963 342 3023 ην
353 2933 413 3022 οὐχ
424 2933 443 3003 ὁ
456 2934 563 3024 πατήρ
577 2935 713 3059 αύτούς,
731 2935 834 3006 ἀλλ”
817 2965 882 3024 εγω
871 2937 1049 3054 τελευτή-

72 3055 217 3112 3σαντος
233 3038 367 3104 ἐκείνου
389 3035 632 3155 παρεδεξάμην,
663 3033 915 3202 660666606666
928 3039 965 3106 δὲ
985 3036 1104 3123 τήνιου

98 3146 228 3253 προηκα
234 3142 291 3218 τῆς
306 3136 451 3218 ἐμαυτοῦ
465 3132 604 3256 μητρδς,
623 3125 738 3219 περὶ
714 3160 754 3220 ης
770 3160 835 3201 νυν
835 3134 1048 3252 λδικάζομαι,

98 3229 197 3309 αὐτὸς
213 3232 274 3317 μὲν
292 3233 420 3311 τούτοις
439 3229 564 3328 66669‘
546 3233 629 3313 οπερ
642 3223 691 3298 66
701 3231 883 3299 ἐνεκάλουν
893 3236 950 3317 μο“ι
960 3231 1049 3299 πάν-

97 3353 165 3394 των
174 3325 336 3413 δεδωκάς,
349 3326 437 3413 πλήν
448 3338 481 3397 ελ
486 3355 561 3396 τινα
571 3335 637 3396 νύν
648 3329 745 3397 ἕνεκα
756 3336 813 3415 τής
826 3328 1048 3455 διηηςτοιύτης

97 3421 309 3513 άυτειλήγασί
321 3450 378 3510 μοι
393 3433 699 3516 συκοφαντοῦντες,
727 3423 772 3506 69
787 3423 878 3494 καὶ
858 3428 938 3511 υμιυ
956 3432 1049 3494 ἐσται
