2318 3894
246 209 390 273 ΚΑΤΑ
409 161 871 272 κετετοκεκνονω.
972 211 1034 277 ιεε

64 367 190 456 ,ἐπειδὴ
207 375 347 456 βεβαίως
362 368 508 457 ἡγήσατο
523 376 590 446 σάς
601 367 702 452 εἶναι,
725 367 785 454 ούχ
796 368 888 449 ὅπως
899 368 1034 441 ἀποδύ-

29 464 31 467 ’
78 489 130 535 σει
139 467 237 554 χάριν
247 467 455 535 ἐσπούδασεν
466 465 572 556 αὐτῷ,
585 468 640 534 καί
652 464 735 552 πρὸς
747 464 887 552 ὑμᾶςδι’
901 471 1032 538 ἐκείνου

80 592 109 633 τι
119 565 364 651 φιλάνθρωπον
376 571 531 652 ἔπραξεν,
554 569 610 640 ἵνα
620 565 818 652 συγγνώμης
830 569 881 635 ἐπὶ
892 582 960 646 τοῖς
972 583 1032 636 πε-

78 665 386 754 πραγμένοιςτύχη,
408 661 492 732 άλλά
503 670 571 732 πάν
582 661 780 732 τούναντίον
789 662 884 749 ἠξίου
895 665 956 752 μὲν
967 664 1032 732 αύ-

19 805 21 808 -
80 761 139 831 τόν
159 772 416 849 συμπολιορκεῖν
435 762 476 831 τά
496 762 595 830 λοιπά
616 770 685 830 των
700 757 872 883 ὑμετέρων
888 771 1030 852 χωρίων,

19 857 142 949 Ιὸλούκ
158 863 332 939 ἐθέλοντος
348 858 380 928 δ’
398 864 527 929 ἐκείνου
541 859 654 948 λαβύν
668 857 768 937 αὐτὸς
781 859 844 946 τήν
854 887 890 927 τε
899 868 1029 950 βαρβα-

81 959 177 1045 ρικὴν
188 958 331 1044 δύναμιν
342 959 441 1027 καὶ
405 986 468 1045 την
480 957 527 1026 ύπ
530 957 681 1025 ’ἐκείνου
694 961 961 1046 συνειλεγμένην,
972 963 1029 1031 καὶ

79 1055 137 1131 τὸν
162 1061 354 1180 Χαρίδημον
378 1066 499 1125 τούτου
526 1056 880 1143 προσμισθωσάμενος,
907 1063 1067 1142 προσέι

81 1161 179 1278 βμλλε
189 1170 257 1234 τοῖς
268 1155 436 1241 ὑμετέροις
444 1162 594 1279 χωρίοις,
617 1157 716 1223 καὶί
686 1181 702 1221 ε
703 1160 840 1232 ίςτούτο
850 1157 1028 1240 κατέστησε
1040 1164 1092 1219 664

79 1250 141 1320 τδν
149 1250 367 1339 Ἰφικράτην’
349 1258 487 1336 ατορίας
504 1250 587 1320 ὥστε
599 1251 790 1320 μετελθόντα
801 1250 859 1328 εἰς’
858 1253 1028 1322 Ἄντισσαν

80 1357 181 1419 οἰκεῖν
202 1353 257 1420 καὶ
278 1352 379 1418 πάλιν
400 1356 445 1429 είς
460 1359 574 1436 Δρῦν,
598 1348 787 1434 ἡγούμενον
810 1345 853 1426 ὥς
868 1351 929 1434 μὲν
944 1348 1029 1435 ὑμᾶς

77 1447 152 1536 ούχὶ
168 1460 276 1531 καλῶς
289 1457 374 1537 ἐχειν
389 1453 516 1535 ἐλθεῖν,
540 1446 599 1527 ούς
614 1445 773 1531 ὑστέρους
784 1451 955 1535 ἐπεποίητο
966 1458 1028 1518 τοῦ

77 1551 210 1637 Θρᾳκὸς
226 1552 280 1618 καὶ
295 1553 356 1617 τού
366 1548 563 1671 βμρβάρον,
577 1545 657 1635 παρ’
671 1551 784 1637 ἐκείνω
796 1544 829 1613 δ’
841 1544 904 1615 ούκ
915 1545 1028 1632 6666-

78 1647 130 1725 λες
142 1647 224 1715 εἶναι
235 1645 396 1766 μένειν,“
376 1676 416 1717 ον
424 1645 533 1725 οὕτως
545 1614 799 1768 ὀλιγωρμύντά
782 1646 869 1733 εύρα
879 1654 949 1732 τῆς
943 1648 1028 1715 ἑαν-

13 1757 66 1812 133
75 1772 136 1813 τον
122 1753 316 1836 σωτηρίας
349 1774 391 1814 αν
400 1773 480 1833 ουν,
499 1773 524 1813 ω
514 1738 676 1830 άνδρες’
671 1754 850 1830 Αθηναῖοι,
871 1734 1026 1828 καὶΙίερ-
1046 1813 1050 1820 ,

72 1847 255 1931 σοβλεπτης
266 1849 301 1912 ἐκ
311 1871 408 1934 της
377 1872 423 1913 τω
410 1845 611 1934 ’Χαριδήμῳ
624 1842 1025 1922 νῦνάδείαςκατοισκενα·
1049 1838 1053 1843 ’

74 1945 210 2027 ζομένης
225 1941 383 2064 αύξηθεδς
395 1912 595 2039 ύλιγωρηὲ
555 1971 578 2030 μ
595 1970 616 2010 ν
632 1946 684 2011 ε’κε
686 1949 778 2027 606,
798 1949 971 2031 νεωτερίζη
986 1945 1027 2013 δέ

73 2066 106 2106 τι
118 2042 171 2107 καὶ
183 2048 260 2129 κινῇ
271 2039 353 2126 πρὸς
364 2038 465 2128 ὑμᾶς,
487 2042 617 2126 ἐξαρκεῖ
623 2039 754 2111 τουθ
737 2057 833 2128 νμλν,
848 2041 906 2109 ἐαν
918 2049 1024 2162 Χαρί
1094 2123 1100 2128 r

74 2144 176 2256 δημος
191 2138 451 2228 ἐξαπατηθῇ,
416 2167 477 2209 τον
493 2148 610 2264 66666
623 2139 760 2261 ἰσχυρὰν
777 2137 874 2224 ἐφ’
851 2146 941 2225 υμᾶς
961 2136 1025 2206 αύ-
1135 2216 1139 2223 ,

72 2237 151 2314 τούς
174 2242 516 2319 κατεσκευακέναι;’
500 2265 564 2324 εγω
553 2236 707 2324 μέν’
668 2265 730 2307 ουκ
754 2235 843 2318 ἀξιοῖ.
882 2235 1024 2329 καὶγὰρ
1060 2312 1063 2319 ,

73 2339 179 2402 ἐκεῖνο
200 2342 320 2421 νομίζω
343 2342 488 2424 δίκαιον,
512 2343 543 2415 εί
562 2337 623 2424 μὲν
640 2337 836 2404 αἰσθάνεται
849 2345 954 2404 ταῦτα
969 2337 1025 2404 καὶ

72 2436 204 2522 προορᾷ
213 2440 417 2523 Χαρίδημος,
437 2433 508 2504 εἷθ’
523 2435 613 2514 ὅπως
627 2435 791 2504 τοιούτων
802 2434 1024 2521 ψηφισμάτων

11 2549 62 2604 134
69 2531 215 2612 τεύξεται
230 2533 475 2619 διαπράττεται,
500 2531 545 2613 ύς
560 2534 813 2623 ἐπιβουλεύοντι
827 2531 886 2621 μὴ’
896 2535 1024 2618 ἐπιτρέὲ

69 2653 145 2699 πειν
167 2628 276 2719 αύτβ,
291 2637 324 2698 εί
333 2633 368 2701 δέ
379 2635 522 2720 λέληθεν
533 2631 652 2721 αύτὸν,
671 2632 739 2723 666
755 2639 882 2720 μᾶλλον
898 2632 1023 2711 εύνονν

69 2753 117 2806 τις
132 2725 237 2796 αὐτὸν
252 2726 436 2851 ὑπείληφεν
453 2730 552 2816 εἶναι,
574 2733 723 2822 τοσούτω
740 2740 867 2818 μάλλον
888 2734 1023 2818 προλδέ

70 2834 152 2892 σθαι
161 2828 217 2893 καὶ
228 2823 365 2946 ύπέρ“
324 2855 429 2898 αντον
417 2832 494 2898 καί
503 2827 588 2914 νπὲρ
599 2833 738 2899 ἐκείνου
761 2835 830 2899 εστι
840 2857 904 2916 γαρ
914 2836 1023 2916 φίλων

70 2920 211 3007 ἀγαθῶν
226 2922 268 2991 ού
281 2922 321 2991 τά
336 2937 472 2995 τοιαῦτα
485 2934 675 3048 χαρίζεσθαι
689 2941 758 3007 τοῖς
770 2926 897 3014 εύνοις,
918 2931 952 3006 ἐξ
918 2918 1022 2995 ἐάν

69 3017 236 3101 κάκείνοις
257 3026 312 3090 καὶ
328 3031 443 3109 σφίσιν
462 3024 577 3105 αύτοῑς
598 3033 687 3099 ἐσται
699 3052 749 3104 τις
760 3025 886 3112 βλάβη,
909 3020 1022 3093 άλλ’ὁ“
1029 3088 1034 3093 .

38 3184 41 3188 ,
69 3120 130 3206 μὲν
144 3117 188 3190 άν
209 3125 310 3209 μέλλῃ
331 3125 540 3192 σννοίσειν’
520 3139 662 3210 αμφοίν,
684 3123 925 3245 συμπράττειν,
947 3116 1020 3190 οδ

69 3245 114 3286 αν
124 3246 223 3298 αυτος
234 3247 381 3306 αμεινον
380 3224 511 3290 ἐκεινου
520 3231 666 3341 προορᾷ,
686 3246 768 3309 προς
777 3249 815 3292 το
805 3219 934 3300 καλως
945 3226 1022 3308 ἔχον

68 3325 223 3385 τίθεσθαι
234 3319 288 3384 και
298 3345 341 3403 μη
332 3316 490 3441 τηνίίδη
502 3321 597 3407 χάριν
608 3318 760 3407 τοῦμετὰ
776 3329 880 3388 ταῦτα
896 3321 1020 3406 χρόνον

10 3429 59 3484 135
68 3437 192 3495 παντος
202 3419 278 3501 περὶ
287 3422 439 3498 πλειονος
449 3417 612 3506 ηγεισθαι
644 3446 686 3488 ου
696 3426 814 3488 τοιννν
825 3415 898 3486 ονδ
912 3421 1018 3495 ἐκεῖνο
