2318 3894
155 249 223 316 κιο
349 253 434 313 xxv.
460 217 939 361 [Διιαοεοιιαονευ

155 409 276 498 λαχων,
284 435 439 480 παυτατα
427 408 529 498 ἔντη
535 409 629 478 πολει
637 405 722 476 καλιι
729 408 785 476 καὶ
794 407 1104 492 σίκαιακωὶσυμφέ-

136 537 258 598 ροντα
270 509 450 597 φυλάττειν
461 508 587 628 ταύτην
603 506 665 592 τήν
674 503 803 629 ἡμέραν
819 503 1103 591 παρακαταθήκην

154 615 296 694 ἔνορκον
313 607 457 695 είληφύς
473 604 564 692 παρὰ
576 613 646 674 τοῖν
663 605 780 691 νύρωυ
796 605 907 675 καὶ
866 628 926 690 της
941 608 1104 680 πολιτείας

113 723 146 778 12
154 711 209 778 καὶ
225 716 283 795 τῆς
300 711 465 793 πατρίδος.
500 705 544 791 ὥς
561 709 591 772 εί
607 701 651 790 μή
663 709 786 771 τούτου
781 699 932 782 ἕξετε
890 724 958 768 τον
967 723 1103 784 τροπον,

154 804 223 876 ἀλλ’
235 804 300 874 ύιτὸ
312 813 371 891 τῆς
382 803 558 890 συνήθους
575 799 731 887 εὐηθείας
742 797 992 886 εἰσεληλυθότες
1000 805 1103 866 καθε-

155 908 284 989 δεῖσθε,
300 909 470 990 φοβοῦμαι
489 900 533 987 μή
552 899 588 968 τύ
600 894 1000 985 πρύγμαείςτούυαντίον
1009 919 1103 980 περι-

155 1008 217 1088 στῇ
233 1004 289 1068 καὶ
307 1005 485 1077 δοκοῦντες
502 997 596 1084 ἡμεῖς
609 996 885 1082 Ἀριστογείτονος
906 1007 1102 1082 κατηγορεῖν

146 1095 251 1196 υμῶν
270 1104 533 1183 κατηγοροῦντες
554 1119 732 1182 φανωμεν
754 1092 823 1184 ὅσω
840 1090 905 1178 γύρ
922 1085 967 1159 ι’ίν
976 1099 1103 1178 μᾶλλον

153 1197 250 1286 ἡμῶν
272 1197 450 1279 δειξάντων
472 1193 535 1281 τήν
555 1194 679 1263 τούτου
699 1201 864 1279 πονηρίαν
884 1187 1031 1278 μησὶν’
1010 1205 1103 1277 υμεῐς

154 1305 363 1416 φροντίσητε,
374 1296 522 1383 τοσούτω
534 1290 685 1379 μείζωνή
697 1287 775 1360 καθ’
788 1316 886 1377 νμωυ
896 1287 1063 1376 αίσχυυη
1048 1314 1103 1374 γε

153 1397 297 1484 νήσεται.
321 1397 375 1464 καὶ
386 1396 461 1480 περὶ
471 1393 533 1480 μὲν
544 1417 673 1462 τουτων
684 1390 793 1460 ίκανα.

113 1508 147 1562 13
237 1494 337 1564 Πάνυ
348 1491 392 1578 δ’,
405 1486 433 1560 σί
445 1489 759 1578 ύνύρεςἈθηναλοι,
771 1487 852 1577 μετὰ
862 1488 971 1575 πάσης
981 1488 1104 1557 οίκειύ-

154 1587 464 1712 τητοςέρύτύληθή
474 1587 656 1675 πρὸςύμιῖς.
679 1587 1104 1674 ἐγώγιὶρένταλςίκκλησί-

155 1716 207 1769 αις
217 1687 308 1775 ὁρων
318 1684 673 1807 ύμιῖςκατατύττοντύς
686 1713 726 1773 με
733 1691 788 1757 καὶ
799 1690 1105 1774 προχειριζομένους

153 1784 255 1855 ἐπὶ
218 1811 280 1870 την
290 1786 414 1885 τούτου
424 1791 642 1871 κατηγορίαν,
660 1783 815 1874 ήχθύμην
832 1791 887 1857 καὶ
903 1785 954 1910 μὰ
965 1784 1028 1856 τὸν
1038 1791 1105 1854 Δία

155 1886 210 1952 καὶ
219 1907 344 1963 παντας
355 1881 459 1963 θεους
468 1910 532 1953 ουκ
549 1882 803 1972 ἐβουλόμηνᾸ
762 1912 805 1954 ου
816 1912 881 1972 γαρ
891 1885 1042 1971 ηγνοσυν
1052 1910 1105 1952 οτι

153 1979 321 2068 ὁποαήσας
332 2008 364 2050 τι
378 1991 532 2052 τοιοῦτον
542 1982 617 2069 παρ’
628 1981 710 2070 ύμῖν
720 1987 775 2052 καὶ
786 1982 909 2052 παθων
920 1981 1110 2072 ἀπέρχεται·

153 2086 184 2148 εί
199 2079 287 2149 ιὶὶ
246 2107 290 2167 μη
306 2090 505 2168 τηλικούτου
521 2081 598 2151 ὥστ’
619 2080 725 2161 εὐθύς
737 2108 757 2148 α
759 2086 934 2168 ίσθέσθαι,
956 2078 1024 2149 ἀλλ’
1044 2079 1104 2148 ίάν

153 2178 259 2248 πολλοὶ
270 2187 406 2256 τοιαῦτα
418 2188 498 2270 ποιῇ
508 2183 561 2249 καὶ
573 2179 618 2268 μή
631 2181 789 2268 παύηται,
809 2178 893 2267 ταχύ
904 2179 1103 2269 γνωσθήσε-

72 2272 77 2282 ’
152 2304 214 2346 ται.
243 2274 332 2365 ὅμως
343 2279 378 2347 db
389 2276 572 2366 ἀναγκαῖον
581 2278 832 2369 ήγούμηνεὶναι
843 2286 1026 2348 πείθεσθαι
1036 2291 1105 2355 τοῖς

112 2387 146 2445 14
154 2374 322 2464 ὑμετέροις
330 2378 528 2469 βουλήμασι.
557 2377 598 2447 τοὶ
615 2381 677 2465 μὲν
694 2371 759 2448 οὖν
774 2379 918 2464 περὶτῆς
935 2379 1105 2458 ἐνδείξεως

152 2479 207 2543 καὶ
219 2485 287 2543 τῶν
297 2474 413 2561 νόμων
423 2481 534 2555 δίκαια
546 2474 661 2559 αύτὸν,
674 2476 757 2560 ὅπερ
767 2485 935 2562 πεποίηκε,
946 2482 1105 2556 Λυκούρ-

152 2598 215 2655 γον
229 2576 317 2656 ἐρεῖν
334 2569 579 2657 ἡγούμην,’καὶ
595 2571 674 2651 τούς
688 2572 857 2659 μάρτυρας
873 2579 932 2658 τής
942 2576 1121 2668 πονηρίας,

152 2675 210 2753 τῆς
222 2667 344 2736 τούτου
355 2677 476 2736 τούτου
487 2670 602 2753 ἑύρων
611 2671 934 2757 προσκαλούμενον·’
954 2668 977 2738 ἃ
994 2670 1105 2738 δὲκαὶ

153 2770 342 2849 λογίζεσθαι
358 2764 437 2844 τούς
453 2765 538 2851 ύπὶρ
557 2769 756 2847 πόλεμοςκαὶ
772 2770 888 2854 νόμων
899 2771 1106 2857 βουλευομέ-

153 2888 234 2941 νους
257 2863 417 2951 προσήκει
435 2866 491 2931 καὶ
511 2876 707 2934 σκοπεῖσθαι
727 2865 788 2950 ἀεὶ,
808 2876 918 2934 ταῦτα
933 2865 1159 2955 προηρού-γη

153 2986 219 3046 μην
230 2967 345 3046 εἰπεῖν,
357 2963 416 3030 καὶ
424 2969 490 3030 νύν
500 2964 552 3031 ἐπὶ
562 2971 667 3031 ταύτα
678 2965 891 3052 πορεύσομαι.
926 2956 1105 3052 &dnm
1129 3044 1134 3052 ,

154 3057 273 3145 ἄνδρες
289 3057 481 3146 Ἀθηναῖοι,
503 3061 660 3131 ύύτεααὶ
686 3063 919 3151 συγχωρήσατε
944 3089 1000 3149 μοι
1021 3063 1106 3147 πρὸς

153 3155 253 3239 Διὸς,
272 3154 317 3235 ὡς
328 3163 462 3243 πέφυκα
472 3160 528 3228 καὶ
539 3160 742 3280 προήρημαι,
761 3164 836 3246 περὶ
846 3162 977 3230 τούτων
992 3165 1120 3229 ιὶιαλε--

153 3261 277 3337 χθήναι
288 3254 371 3338 πρὸς
382 3255 484 3378 ὑμᾶς·
516 3261 572 3326 καὶ
588 3257 651 3343 γοὶρ
663 3256 775 3328 ow·
753 3288 796 3328 αν
807 3259 914 3338 ἄλλως
926 3263 1102 3345 δυναίμην

113 3365 146 3419 15
230 3348 362 3429 ‘⁴‘Axa9
346 3377 364 3420 ο
375 3359 444 3421 τῶν
454 3352 693 3445 α’νθρύπωνβί
692 3386 754 3450 ος,
754 3385 779 3426 ω
768 3351 912 3479 ἄνδρες
920 3357 1103 3443 Ἀθηναῖοι,

149 3444 220 3519 κύν
231 3449 379 3538 μεγαλην
388 3450 490 3523 πολιν
499 3452 667 3524 οίκωσι
624 3483 689 3526 καν
699 3456 837 3544 μικρὰν,
853 3448 959 3543 φύσει
974 3457 1082 3524 καὶ
1041 3483 1104 3525 νο·-
