2318 3894
79 290 80 294 ,
157 186 221 275 ’τεο
354 208 899 287 ιοιν.[ΔΗιιοΣοοοοοας
980 195 1079 287 f·
1148 156 1152 164 ’

158 370 367 457 προσήκοντα
379 368 532 534 πράττοι,
556 364 640 436 άλλά
657 370 725 437 πάν
734 377 771 436 ’το
762 366 983 455 τεταγμένον
991 370 1105 450 έξελο

156 489 218 563 σος
234 469 381 547 ἕκαστος
388 469 424 536 ἐκ
441 492 502 534 τον
491 463 643 552 ““βιόο
607 492 668 552 την
685 467 806 534 ἑαυτου
793 466 1027 554 βοόλησιν’
986 494 1104 556 νομον,

157 563 273 652 ἀρχὴν,
286 561 387 631 πάνθ’
401 562 648 649 ὑπολαμβάνοι·
671 568 702 631 ελ
709 571 993 651 ταῦταποιοῑμεν,
1016 571 1105 634 ἐστιν

158 671 204 733 ἔτι
224 661 286 749 τὴν
304 663 403 729 πόλιν
422 667 602 739 ολκεισθαις
618 667 658 727 τί
671 662 722 742 δές
744 686 822 741 τους
833 688 958 749 νομους
959 670 1105 747 κυρίους

158 761 257 839 ελνοις
277 755 464 846 πόσηνδ’”
442 786 485 827 ον
496 769 608 827 οἴεσθε
625 762 768 847 βίανκολ
779 758 1105 848 όβρινκαλπαραοο-

157 865 237 946 μλον
254 861 291 927 έν
307 854 418 945 άπάση
433 866 475 945 τῇ
490 858 583 924 πόλει
600 855 674 925 καθ’
688 859 829 946 ἑκάστην
843 857 905 946 την
915 856 1044 947 ἡμέραν
1053 867 1103 946 χί-

158 967 298 1042 μνεσδαι
314 958 368 1026 καὶ
384 961 598 1045 βλασφημίαν
615 953 689 1024 ἀντὶ
704 965 762 1044 της
784 966 850 1026 νῦν
867 957 1031 1045 εὐφημίας
1049 958 1106 1034 καὶ

49 1096 53 1100 «
114 1055 296 1136 νλτάξεοςς
316 1056 372 1122 καὶ
382 1060 416 1121 τλ
425 1057 593 1140 δεῑλέμειν
609 1051 662 1121 ότι
678 1068 745 1134 τοῖς
756 1055 872 1140 νόμοις
893 1054 1025 1126 ἅπαντα
1040 1081 1105 1147 μο-

66 1233 73 1245 ρ
159 1149 1155 1242 σμεῖτοικαὶτρότοότοὶςπελδεσθαιςἀλλ’ὑμεϊςαότολπάν-λλδ

68 1242 76 1261 ’
160 1278 229 1319 τοιν
240 1250 314 1336 άρτι
325 1255 561 1340 κληρουμένων
571 1242 765 1336 Ἀθηναίων,
776 1252 832 1319 καὶ
842 1243 1031 1334 πάντωνεό
1040 1247 1103 1328 οἶδ’

157 1349 208 1429 ὅτι
218 1353 432 1437 βουλομένων
443 1355 488 1430 ελς
498 1355 595 1418 τοῦτο
614 1354 726 1433 λοχελν
743 1344 779 1416 τό
798 1351 1027 1436 δικαστήριον,
1043 1348 1105 1437 μό-

141 1475 210 1535 1νοι
222 1448 363 1531 δικάζεθ’
376 1448 466 1536 ἡμῖν.
499 1446 554 1517 διά
565 1453 599 1516 τί
602 1477 610 1528 ;
639 1444 690 1515 ὅτι
706 1446 854 1534 ἐλάχετε,
876 1445 935 1515 εἶτ’
959 1443 1105 1533 άπεκλη-

157 1546 304 1635 ράδητε“
326 1548 474 1616 τοῦτοδὲ
485 1551 520 1615 ολ
529 1546 625 1632 νόμοι
636 1548 799 1631 λέγονσινι
832 1541 891 1614 τόδ’
905 1540 1000 1630 ὑμεῖς
1010 1542 1105 1614 αὐτοὶ

157 1644 240 1715 κατά
255 1645 334 1724 τούς
356 1646 481 1732 νόμους
503 1643 754 1730 εἰσεληλυθότες
772 1641 833 1711 τόν
848 1639 937 1731 παρά
954 1643 1034 1722 τούς
1045 1643 1105 1711 νό-

66 1775 75 1785 ·
156 1764 241 1829 μους
252 1745 360 1826 λέγειν
371 1738 393 1827 ἢ
403 1741 560 1827 πράττειν
574 1768 606 1809 τι
626 1743 821 1828 βιαζόμενον
838 1739 997 1828 λαβόντες
1014 1738 1105 1828 άφή-

158 1859 247 1917 νοτες
265 1841 320 1907 καλ
337 1837 445 1918 οὐδεὶς
462 1837 558 1925 ὑμῶν
573 1838 676 1927 χολὴν
691 1837 768 1909 οὐδὲ
786 1837 890 1926 ὁρμὴν
900 1843 983 1926 ἔχων
993 1840 1105 1928 φανή-

67 1932 71 1940 ’
158 1956 249 2004 σεται
261 1933 310 2022 ἐφ’
322 1933 370 2016 οἷς
381 1935 399 2006 ὁ
412 1936 637 2026 βδελυρός-καὶ
654 1936 790 2025 άναιδης
802 1937 981 2023 ἄνθρωπος
992 1934 1106 2007 οὑτοσὶ

113 2051 150 2106 28
160 2034 302 2123 βιάζεται
312 2033 390 2116 τούς
400 2036 540 2122 νόμονς;
566 2032 620 2122 ὃς,
645 2029 871 2123 άμιοράτατε
889 2036 1027 2104 πάντων
1037 2045 1105 2121 τόν

160 2133 268 2203 ὄντων
289 2133 498 2222 ἀνθρώπων,
522 2139 730 2221 κεκλειμένης
751 2153 813 2202 σου
828 2141 886 2221 τῆς
898 2137 1048 2216 ἐξουσίας
1063 2131 1105 2202 οὐ

160 2240 324 2319 κιγκλίσιν
335 2229 416 2302 οὐδὲ
424 2231 657 2321 δόροις,δι“κολ
668 2239 894 2318 παρανοίξειεν
905 2229 949 2300 άν
959 2259 1024 2319 τις,
1044 2227 1106 2300 άλ-
1155 2255 1156 2258 ’

159 2330 201 2399 λα
211 2331 382 2412 τοσοντοις
398 2334 453 2401 καὶ
474 2331 677 2418 τηλικούτοις
695 2328 880 2417 ὀφλήμασι,
902 2330 957 2397 καὶ
976 2329 1106 2399 τούτων

160 2427 250 2515 παρά
260 2457 301 2518 τη
289 2437 382 2521 θεῷ
394 2433 607 2515 κιιμένοιν,ε
592 2435 638 2508 εἰς
648 2455 684 2498 το
675 2427 788 2508 ἐντός
799 2426 927 2496 τούτοιν
924 2427 1013 2515 βιάζ
1013 2454 1041 2496 ει
996 2430 1106 2508 ζκολ

161 2531 334 2646 προσέρχει
350 2527 433 2614 πρὸς
449 2526 544 2594 τοῦτ’
545 2524 634 2614 ,άφ’
648 2553 707 2594 ιιν
713 2518 941 2594 άπελοόνοοσλ
954 2546 991 2595 σε
1002 2525 1088 2594 οῖ’
1045 2551 1106 2594 νο-

160 2650 233 2710 μοι·
256 2622 544 2711 ἀπεσχοινισμένος
562 2631 643 2692 πᾶσι
658 2618 725 2710 τολς
742 2628 778 2692 ἐν
790 2650 834 2712 τη
822 2622 946 2692 πόλει
957 2629 1104 2711 δικαίοις,

161 2720 305 2805 μνάσεσι
326 2724 548 2808 δικαστηρίων
567 2748 679 2809 τριων,
704 2727 853 2811 ἐγηραφη
874 2731 1106 2811 δεσμοδετων,

137 2878 141 2886 .
163 2820 256 2905 ἑτέρη
269 2819 482 2907 πρακτόρων,
501 2829 542 2911 τῇ
551 2828 609 2908 τῆς
618 2822 839 2909 βουλεύσεως,
862 2819 1107 2909 ἣνοότὸςδιό·

136 2938 140 2946 ’
162 2942 240 3003 κεις,
252 2925 376 3006 γραφῇ,
388 2918 494 3004 μόνον
506 2919 566 3005 οὐχ
578 2918 693 2987 άλόσει
704 2923 840 3009 σιδηρᾷ,
858 2917 998 2989 ὑποδύει
1014 2918 1104 3007 παρὰ

162 3023 267 3084 τοῦτο
278 3017 334 3084 καὶ
346 3020 502 3107 διασπᾷς,
524 3020 579 3087 καλ
595 3017 777 3103 προφάσεις
793 3018 1011 3087 πλάττωνκοδ
1022 3033 1106 3100 ψευ-

165 3117 231 3192 δεῖς
242 3119 311 3183 αλτλ
296 3121 347 3194 λος
357 3113 577 3195 συντιθεὶς
541 3141 581 3181 το
599 3141 708 3183 κοινο
713 3121 748 3184 δ
734 3124 801 3185 και
799 3115 1019 3202 ’άνοτρέιμειν
1033 3126 1103 3185 ολει.

120 3214 219 3277 mal
238 3238 306 3297 μην
328 3216 410 3298 μέγα
432 3215 487 3282 κοὶ
507 3210 649 3305 σαφὶς“
630 3229 709 3300 νμιν
729 3217 795 3300 έρά
811 3211 1075 3301 παράδειχμο,”
1055 3240 1108 3338 ορι

157 3315 246 3374 ταῦτ
251 3304 434 3375 ὀὐδεκαθ’
451 3307 657 3396 ’ἓνπροσήκει
669 3317 828 3396 παριδειν.
860 3318 891 3380 ελ
904 3313 968 3397 γάρ
984 3338 1032 3391 τις
1043 3309 1107 3379 αό-

126 3409 239 3472 τλκο
256 3402 295 3492 δη
314 3403 402 3491 μάλα
418 3413 504 3474 ελποι
521 3405 565 3488 άς
581 3411 696 3477 ἐκτῶν
706 3405 912 3497 νεωτάτωνη
921 3435 990 3477 τον
1000 3418 1108 3478 πλον-
