2318 3894
245 262 390 340 RATA
409 252 867 328 APIZTOKPATOYZ.
966 265 1028 332 169

464 431 641 493 ΝΟΜΟΣ

165 533 255 644 [Ἐβν
270 564 315 615 τις
330 542 418 627 βιαίῳ
435 537 559 641 θανάτῳ
577 533 734 628 ἀποθάνῳ,
744 532 833 643 ὑπὲρ
848 500 1018 607 τοότον
968 553 1029 620 τοῖς

117 619 328 726 προσήκρνσιν
344 603 467 686 είναι
436 647 487 698 τας
496 602 714 723 ἀνδροληψίας,
732 618 816 700 ἴως’
796 650 835 689 αν
846 650 871 706 η
854 621 967 702 δίκας
977 634 1030 690 τοῦ

69 703 226 810 ῳόνσσ
237 700 440 786 ἀπόσχωσινῆ
456 699 523 779 τοδς
538 698 765 782 ἀποκτείναντας
782 707 958 773 ἐκδῶσι
926 735 961 792 τη
963 735 982 770 ν
997 711 1030 773 δδ

69 782 296 903 ἀνδροληψί
295 814 333 852 αν
283 785 466 851 ίέίναι
430 813 512 871 μεχρι
521 794 619 871 τριῶν,
629 790 718 852 πλέον
729 790 760 853 δὲ
770 787 832 873 μη]

165 896 320 1003 Πολλῶν,
336 947 362 987 ω
349 912 507 1003 ἀνδρες’
503 927 679 1006 Αθηναῖοι,
696 930 805 1002 καλῶς
816 923 1028 1010 ἐχόντωννό-

83 1046 157 1108 μων
173 1018 238 1087 οάκ
256 1015 320 1087 οἷδ’
334 1027 366 1085 εί
378 1043 467 1094 τινος
482 1009 583 1103 ἧττον
595 1010 693 1098 νότος
710 1025 774 1106 ἔχει
789 1029 897 1099 καλῶς
911 1024 966 1089 καί
978 1026 1029 1088 δι-

84 1124 185 1196 καίως
197 1113 215 1184 ὁ
227 1115 337 1202 νόμος.
358 1118 526 1196 σκέψασθε
542 1114 606 1201 γάρ
618 1113 662 1194 ῶς
676 1125 820 1203 νομίμως
831 1123 886 1187 καὶ
897 1121 1027 1205 σφόδρα
1037 1119 1089 1178 648

41 1213 310 1301 ,θανθρωπίνως
319 1225 431 1280 κεῖται
459 1211 518 1280 ίαν
527 1237 575 1290 τις
591 1218 686 1301 βιαίῳ
704 1215 841 1302 θανάτῳ
860 1212 1028 1303 ἀποθάνῃ,

86 1318 175 1400 φησί.
220 1317 438 1398 πρῶτονν
377 1310 438 1396 μὲν
459 1306 500 1394 δὴ
521 1317 620 1376 τοῦτο
641 1312 866 1431 προσγράψας
875 1311 913 1380 τό
933 1320 1029 1402 βιαίῳ

87 1411 258 1497 σύμβολον
267 1399 505 1529 πεποίηκεν,
475 1429 502 1472 ω
513 1407 742 1505 γιγνώσκομεν
753 1405 820 1494 ότι,
843 1435 888 1476 αν
898 1406 1028 1496 αδίκως,

88 1510 182 1593 λέγει.
213 1504 298 1592 ὑπὲρ
313 1507 434 1575 τούτου
425 1499 531 1625 „affl
545 1519 613 1583 τοῖς
629 1506 858 1625 προσήκουσιν
879 1504 1008 1573 εἶναι
973 1532 1031 1586 τας

84 1603 327 1690 ἀνδροληψίας,
344 1599 439 1682 ἕως”
417 1629 460 1670 αν
476 1630 497 1688 η
485 1598 604 1681 ”δίκας
614 1612 676 1671 τοῦ
685 1604 796 1689 φόνον
805 1600 1030 1690 ὑπόσχωσινῆ

89 1701 166 1782 τοὺς
194 1698 449 1780 ἀποκτείναντας
472 1703 598 1769 ἐκδῶσι.
647 1698 869 1770 σκοπεῖσθε*
847 1728 890 1781 ως
910 1710 1028 1782 καλῶς

89 1797 303 1885 πρότερονμλ
304 1826 325 1866 ν
335 1796 491 1884 ὑποσχεῖν
502 1804 594 1878 δίκας
606 1798 704 1887 ἀξιοῖ,
723 1799 803 1887 μετά
814 1809 917 1869 ταῦτα
928 1798 1008 1887 δδ,”
986 1828 1030 1868 αν

90 1905 188 1965 τοῦτο
209 1894 254 1989 μὴ
276 1896 477 1983 βούλωνται,
499 1901 697 1983 προσέταξεν
717 1900 886 1966 ἐκδοῦναι·
913 1897 973 1967 ἐὰν
994 1898 1030 1967 δὲ
1067 1911 1070 1915 ’

91 1998 271 2083 μηδέτερον
280 1993 409 2062 τούτων
420 1996 569 2080 ἐθέλωσι,
586 1994 623 2062 τὸ
635 1992 859 2080 ἀνδρολήψιόν
872 2015 973 2082 φησιν
984 1995 1031 2064 ελ-

91 2118 143 2173 ναι
152 2094 251 2179 μέχρι
260 2098 371 2179 τριῶν,
383 2095 483 2160 πλέον
496 2092 531 2161 δὲ
542 2092 597 2179 μή.
626 2090 717 2177 παρά
733 2099 850 2160 τοίννν
862 2093 942 2162 ὅλον
952 2100 1032 2161 τοῦ·

64 2195 147 2259 δίτον
156 2188 221 2261 τὸν
230 2189 336 2276 νόμον
352 2198 476 2276 ίίρηται
486 2188 523 2257 τό
534 2190 698 2276 ψήφισμα.
731 2190 941 2276 πρῶτονμὲν
956 2189 1032 2276 γάρ,

91 2287 148 2357 ίάν
162 2314 215 2368 τις
232 2285 409 2376 ἀποκτείνῃ
429 2285 585 2373 γράφων,
609 2285 650 2353 οὐ
668 2289 897 2376 προσέγραψεν
912 2286 1033 2368 ἀδίκως

93 2384 166 2457 οὐδὲ
174 2393 293 2476 βιαίως
303 2382 587 2474 οὐδ’όλωςοάδίν.
607 2381 674 2452 εἶτα
685 2381 818 2468 πρότοά
829 2388 926 2470 δίκην
936 2383 1034 2463 ἀξιῶ-

94 2503 143 2552 σαι
159 2488 278 2571 λαβείν
294 2480 399 2562 εὐθὺς
415 2487 558 2569 ἔγραψεν
579 2480 748 2569 ἀγώγιμον
764 2479 856 2549 εἶναι.
895 2482 978 2568 πρὸς
998 2483 1035 2551 δὲ

93 2581 219 2660 τούτοις
231 2578 249 2648 ό
261 2579 323 2667 μὲν
333 2580 444 2667 νόμος,
457 2578 515 2648 ἐάν
525 2580 607 2666 μήτε
620 2584 712 2659 δίκας
722 2577 890 2669 ὑπόσχωσι
899 2578 972 2665 παρ’
987 2575 1035 2660 οίς

50 2714 52 2723 ·
94 2674 181 2748 ἀντδ
195 2677 464 2765 πάθοςγένηται,
482 2676 652 2765 μότετοδς
663 2677 861 2761 δεδρακότας
872 2681 1034 2764 ἐκδιδῶσι,

95 2774 220 2845 κελεύει
236 2772 319 2843 κατά
337 2775 466 2842 τούτων
482 2775 565 2843 εἶναι
582 2779 676 2863 μέχρι
692 2782 793 2862 τριῶν
815 2774 852 2844 τδ
871 2774 1036 2864 ἀνδρολή-

65 2883 184 2954 θψιον·
208 2870 528 2958 όδὲτούτονςμλν’
508 2874 800 2965 αθῳίονςπαρῆκε,
822 2876 876 2941 καί
887 2871 1036 2944 οὐδὲλό-

95 2996 151 3055 γον
165 2975 350 3071 πεποίηται
369 2970 504 3058 περλ’
461 2981 574 3039 αντῶν
589 2969 728 3057 οάδένα,
749 2969 827 3049 τοὺς
845 2970 931 3039 δὲ
896 2997 957 3039 τον
972 2973 1036 3059 ἤδη

97 3069 291 3190 πεῳεῳγότα
300 3069 411 3158 (θήσω
426 3068 491 3154 γάρ
507 3067 611 3152 ουτω)
626 3065 709 3135 κατά
726 3065 786 3135 τόν
803 3064 919 3136 κοινόν
929 3065 1038 3135 ἀπάν-

100 3191 159 3235 των
170 3165 366 3251 ἀνθρώπων
378 3166 500 3252 νόμον,
523 3163 559 3245 δς
575 3180 677 3233 κεῖται
688 3162 749 3231 τόν
767 3163 936 3249 φεύγοντα
948 3170 1038 3252 δέχε-

102 3273 184 3348 σθαι,
196 3263 463 3350 ὑποδεξαμένους
473 3265 677 3342 ἐκσπόνδους
688 3256 911 3352 είναὶγράῳει,
925 3266 1034 3332 ἐὰν
994 3292 1037 3351 μη

101 3359 152 3430 τὸν
162 3365 275 3448 ίκέτην
292 3366 427 3430 ἔκδοτον
438 3364 582 3430 διδῶσιν.
616 3359 744 3430 οὐκοῦν
754 3364 808 3429 καί
819 3370 867 3451 τῳί
875 3361 922 3452 μὴ
935 3381 1039 3446 προσ-

105 3464 205 3529 θείναι
225 3467 311 3545 πῶς,
335 3456 393 3528 ἑάν
414 3456 608 3548 ἀποκτείνῃ,
634 3461 690 3528 καλ
716 3466 764 3549 τῷ
783 3462 946 3544 μηδεμίαν
967 3462 1040 3541 κρί-
