2318 3894
257 251 402 313 ΚΑΤΑ
422 252 879 330 ΑΡΙΣΤΟΚΡΑΤΟΤΣ.
910 292 914 297 ·
955 257 1032 322 ’171

45 413 47 417 ’
86 410 218 496 χόντων
226 410 399 478 τοσούτων
409 409 524 496 νόμων
534 409 660 490 πάντας
670 409 818 500 ὑπερβάς
828 416 967 495 τούτους
978 419 1034 501 γέ-

85 531 197 592 γραφε
208 507 265 575 καί
276 511 483 575 κατέκλεισεν
494 512 580 577 ίδιον
590 515 725 596 πρᾶγμα
737 519 937 599 ψηφίσματι,
954 522 1035 582 τοῦ·

84 631 147 673 τον
156 612 192 672 τί
199 631 249 683 τις
258 602 343 671 ἀλλο
354 617 461 672 ποιεῖν
471 605 571 691 φησει
585 603 674 693 πλὴν
684 606 838 694 ψήφισμα
853 609 963 695 νόμον
969 635 1034 679 κυ-

59 708 65 719 ’
87 701 251 787 ριῶτερον
260 697 487 780 ἀξιοῦνείναις

51 837 83 892 gs
173 802 345 898 Βούλομαι
359 821 475 883 τοίνυν
492 811 573 901 ὑμῖν
594 819 648 884 καὶ
670 819 708 883 ἓν
722 811 746 902 ἢ
761 817 822 884 δύο
840 824 1034 904 ψηφίσματα
1042 831 1096 886 650

89 909 1034 1004 δεῖξαιτῶνγεγραμμένωντοῖςῶςάληθῶςεάεργίταιςτῆς

88 1006 227 1090 πόλεως,
238 1003 278 1074 ἵν’
292 1011 399 1092 είδητε
416 1005 468 1074 ὅτι
485 1008 603 1097 ῥᾴδιόν
622 1015 687 1077 ἐστι
701 1011 844 1097 γράφειν
860 1012 900 1080 τά
913 1018 1032 1096 δίκαια,

89 1103 172 1172 ὅταν
182 1098 291 1179 αὐτοῦ
299 1128 348 1181 τις
359 1104 457 1171 ἕνεκα
467 1106 589 1174 τούτου
599 1108 729 1194 γράφη,
745 1117 952 1197 τοῦτιμῆσαί
959 1138 1033 1179 τινα

88 1204 144 1269 καί
165 1205 368 1287 μεταδοῦναι
387 1211 455 1269 τῶν
474 1201 554 1290 ἡμῖν
573 1203 807 1295 ὑπαρχόντων,
836 1211 891 1275 καλ
913 1207 957 1295 μὴ
979 1207 1032 1276 διὰ

88 1306 151 1366 τοῦ
173 1304 288 1365 ταῦτα’
303 1302 414 1366 δοκεῖν
442 1315 548 1368 ποιεῖν
575 1302 735 1388 βοῶληται
760 1318 958 1389 κακουργεῖν
978 1307 1034 1372 καί

91 1396 377 1482 παρακρούεσθαι.
410 1401 484 1482 λε’γε
499 1399 541 1465 τὰ
553 1405 748 1485 ψηφίσματα
763 1406 865 1468 ταυτί.
897 1398 1032 1468 ἀλλ’ἵνα

89 1492 134 1580 μὴ
145 1493 278 1581 μακρὸν
288 1493 425 1562 ἀκούειν
435 1491 516 1579 ὑμῖν
526 1488 565 1584 ᾖ,
582 1499 614 1576 ἐξ
632 1496 850 1565 ἕκαστοντῶν
861 1491 1034 1583 ψηφισμά-

89 1616 158 1659 των
167 1589 250 1659 αάτό
262 1598 368 1658 τοῦτο
378 1592 562 1678 ἐξείλεκται,
580 1595 656 1678 περὶ
666 1587 708 1661 οὗ
718 1593 839 1662 τοάτον
850 1601 1031 1680 κατηγορῶ.

89 1691 171 1774 λὲῖε·
210 1726 214 1733 ·
749 1697 752 1702 ’
933 1725 936 1732 ·

419 1824 709 1887 ΨΗΦΙΣΜΑΤΑ.

58 1971 84 2028 ηρ
169 1941 285 2029 Ὀράῖδ
297 1941 349 2013 ὅτι
359 1944 496 2032 πάντες,
519 1939 547 2013 ῶ
564 1945 683 2032 ἀνδρες
694 1943 881 2032 Ἀθηναῖοι,
902 1943 1034 2016 τδναά-
1051 1988 1065 2009 x

89 2039 149 2121 τὸν
158 2041 288 2126 τρόπον
296 2041 514 2127 γεγράφασιν.
547 2047 645 2128 ἔστω,
665 2045 783 2130 φησίν,
795 2041 879 2128 ὑπὲρ
891 2041 995 2112 αὐτοῦ
1010 2041 1032 2129 ἡ

90 2137 172 2227 τάτὴ
191 2147 333 2229 τιμωρία
352 2134 505 2260 καθάπερ
522 2136 565 2211 ἀν
580 2140 640 2209 τὸν
653 2137 830 2228 Ἀθηναῖον
846 2139 1032 2226 ἀποκτείνη,

89 2232 227 2325 κυρίους
237 2237 422 2324 μὲνέῶντες
432 2239 590 2323 τουςπερλ
601 2238 729 2310 τούτων
739 2235 946 2323 ὑπάρχοντας
955 2232 1034 2322 ὑμῖν

89 2336 226 2424 νόμους,
250 2335 393 2422 σεμνοὺς
413 2336 444 2404 δ’
467 2333 718 2429 ἀποφαίνοντες,
741 2338 828 2418 οἵγε
851 2337 888 2400 ἐν
910 2337 1035 2415 δωρεάς
1058 2384 1065 2393 .

91 2433 288 2521 ἐποιήσαντο
309 2434 399 2512 τάξει
418 2432 456 2500 τὸ
478 2431 608 2500 τούτων
627 2435 837 2525 μεταδοῦναι.
881 2425 948 2497 ἀλλ’
971 2425 1034 2497 οάκ
1103 2489 1106 2495 ,

88 2528 352 2617 Ἀριστοκράτης,
369 2520 457 2600 ἀλλάΙ
471 2535 704 2616 προπηλακίζει
714 2525 861 2616 μὲνκαῶ
873 2525 956 2597 ὅσον
973 2526 1036 2594 δά-

91 2655 187 2700 ναται
196 2629 337 2708 τούτους
348 2626 503 2717 (ῶςγοῦν
513 2626 651 2707 οὐδενὸς
666 2626 775 2721 ὄντων
792 2623 892 2708 ἀξίων
907 2623 995 2695 ίδιόν
1006 2650 1037 2692 τι

91 2729 235 2816 γράφειν
251 2731 469 2814 ἐπεχείρησε),
491 2723 613 2813 μικράν
629 2723 665 2825 δ’
685 2723 863 2811 ἀποφαίνει
880 2719 1035 2808 κάκείνην

93 2824 150 2914 την
162 2825 306 2913 δωρεάν,
324 2818 347 2916 ᾗ
356 2829 417 2914 την
428 2832 597 2894 πολιτείαν
612 2823 777 2892 δεδοίκατε
788 2829 834 2912 τῷ
844 2821 1032 2908 Χαριδήμῳ.

94 2919 213 3010 δςγάρ,
232 2922 277 3004 ῶς
288 2925 495 3010 ἀγαπώντων
511 2920 611 3007 τοῦδ’
622 2920 719 3008 ὑμῶν
729 2922 784 2989 καλ
795 2917 1036 3015 προσοφειλόν-

95 3047 156 3091 των
172 3020 273 3109 χάριν
292 3020 400 3113 αὐτῷ,
421 3023 566 3108 γέγραφε
583 3021 639 3089 καί
657 3016 740 3105 πρὸς
757 3016 936 3104 φυλάττειν
951 3011 1037 3100 ὑμεῖς
1145 3063 1147 3068 -

96 3120 235 3206 ἐκεῖνον,
258 3116 349 3199 ὅπως
365 3116 469 3198 ἀδεῶς
485 3119 505 3186 ὅ
522 3145 554 3188 τι
573 3115 616 3186 ἀν
626 3116 786 3205 βούληται
795 3121 890 3204 ποιῇ,
914 3109 1034 3208 πῶςοά

39 3222 41 3300 ζ
97 3213 214 3287 τοῶδίἳ
222 3217 309 3302 λέγω
321 3217 564 3301 διαπράττεταις

72 3335 96 3392 ⁹⁰
172 3329 247 3401 Οάκ
259 3329 372 3416 ἀγνοῶ
387 3336 519 3417 τοίνυν,
541 3324 704 3416 άάνδρες
716 3325 903 3415 Ἀθηναῖοι,
923 3325 975 3398 ὅτι
992 3321 1035 3402 ῶς

102 3425 202 3508 ῖδνοά
215 3427 306 3513 παρὰ
324 3427 403 3511 τοὺς
420 3430 545 3516 νόμους
562 3435 714 3515 φανερῶς
724 3426 869 3514 γέγραφε
879 3423 916 3493 τὸ
930 3421 1036 3509 ψήφι-
