2318 3894
260 264 399 327 ΚΑΤΑ
419 264 723 327 ΑΡΙΣΤΟΚΡΑ
733 266 875 329 Tm.
976 265 1037 330 165

90 426 128 494 δὲ
143 424 306 509 φεύγοντι
322 422 368 507 ιδ’
380 427 441 511 μὲν
450 431 507 510 τῆς
518 429 694 509 διωμοσίας
706 423 829 508 ταύτὰ,
849 424 910 493 τὸν
919 425 1040 508 πρότε-

89 546 153 610 ρον
169 520 203 589 δ’
220 527 344 602 ἔξεστιν
361 548 376 590 ε
378 520 613 607 πόντοιλόγον
622 530 836 609 μεταστῆναι,
859 525 914 591 καὶ
925 519 1037 588 ούδ’ὁ

87 621 224 691 διύκων
240 617 321 689 οὔδ’
342 626 376 689 οί
385 620 625 700 δικάζοντες”
582 645 642 687 ουτ
645 618 969 705 ’ἅλλοςᾶνθρύπων
980 617 1040 687 ού-

44 720 159 799 τοδεὶς
175 719 291 815 κύριος
308 727 464 787 κωλύσαι.
496 725 531 786 τί
543 717 668 840 δήποτ’,
692 745 717 786 ω
707 713 867 840 ἄνδρες
862 728 1038 840 Afflyvatoc,

88 816 193 888 τοῦδ’
205 843 311 896 ουτως
320 815 435 903 ἔχει
415 844 465 886 οτι
475 821 510 884 oc
517 843 600 884 ταυι
602 814 689 896 ἐξ
671 843 771 904 αρχης
781 845 821 891 τα
833 843 956 904 νομιμα
967 821 1040 883 δια

88 917 345 1001 δέντες,οιτινές
355 914 424 983 ποτ’
433 908 552 1002 ἦσαν,ε
537 911 631 982 clm&
608 941 713 1001 ηρωες
725 925 788 984 είτε
798 919 883 1000 δεοὶ,
891 913 953 983 ούκ
965 916 1040 983 ἐπέ-

87 1024 195 1083 δεντο
202 1029 270 1095 τοῖς
278 1013 492 1100 ατυχημασιν,
499 1009 567 1081 αλλ
575 1011 796 1134 ἀνθρωπίνως
806 1013 1039 1098 ἐπεκούφισαν,

90 1111 168 1193 είς
147 1131 231 1180 οσον
239 1112 303 1198 εἶχε
311 1110 495 1198 καλως,τας
505 1111 688 1197 συμφορας
700 1137 803 1178 ταντα
811 1114 923 1197 μέντοι
931 1136 1039 1178 παντα

89 1207 181 1286 οὕτω
192 1217 300 1289 καλως
310 1213 365 1295 καλ
374 1215 520 1296 νομίμως
531 1206 671 1295 ἔχοντα’
658 1235 675 1276 ο
687 1209 827 1328 γρύφων
835 1208 871 1276 τὸ
885 1208 1040 1294 ψήφισμα

89 1307 606 1395 τοντλπαραβεβηκύςφαίνεται·
630 1307 721 1374 ἓν
683 1333 746 1394 γαρ
765 1305 876 1375 οὐδ’
859 1313 974 1377 οτιούν
991 1312 1040 1374 ἔνι

88 1405 221 1474 τούτων
237 1409 275 1472 ἐν
290 1415 338 1494 τῷ
354 1409 541 1492 ψηφίσματι
549 1412 596 1494 τῷ
606 1404 737 1472 τούτου.
771 1408 825 1474 καί
836 1403 1040 1491 πρῶτονμὲν

56 1571 59 1575 ,
91 1502 321 1589 παρ’ἓίιτούτο
331 1504 368 1570 τὸ
382 1504 594 1590 δικαστήριον
603 1506 658 1572 καὶ
669 1502 756 1589 παρὰ
765 1504 844 1582 τοὺς
853 1505 1039 1590 γεγραμμέ-

90 1628 173 1681 νονς
184 1601 308 1688 νόμους
319 1604 374 1670 καὶ
384 1601 538 1688 τᾶγραφα
550 1603 673 1689 νόμιμα
684 1600 720 1671 τὸ
733 1604 887 1691 ψήφισμα
904 1613 1038 1689 είρηται.
1120 1658 1128 1671 .

50 1723 78 1777 71
90 1706 93 1711 ’
164 1698 346 1782 ’Δεύτερον
358 1699 389 1767 δ’
400 1701 516 1787 ἕτερον
527 1701 738 1787 δικαστήριον
747 1700 784 1770 τὸ
796 1711 864 1770 τῶν
872 1699 1040 1773 ἀκουσίων

91 1799 210 1885 φόνων
221 1791 403 1884 φανήσεται
414 1803 572 1885 συγχέων,
584 1799 621 1868 τὸ
636 1801 688 1868 ἐπὶ
696 1805 884 1889 Παλλαδίῳ,
896 1801 950 1868 καὶ
960 1797 1040 1876 τούς

91 1897 182 2023 παρὰ
202 1896 310 1986 τούτῳ
331 1897 456 1984 νόμους
476 1904 697 1984 παραβαίνων.
737 1903 792 1967 καί
813 1897 877 1985 γὰρ
899 1895 1038 1967 ἐνταῦθ’

91 1995 263 2066 ὑπόκειται
281 2019 414 2081 πρωτον
429 1995 491 2082 μὲν
507 2002 681 2082 διωμοσία,
704 1996 864 2081 δεύτερον
875 1996 914 2064 δὲ
930 1995 1038 2080 λόγος,

91 2102 203 2182 τρίτου
213 2093 249 2162 δὲ
261 2101 452 2179 γνωσιςτου
440 2099 693 2216 δικαστηρίου,
714 2087 764 2162 ων
780 2093 880 2161 ούδέν
898 2097 986 2161 ἐστιν
1003 2096 1040 2158 ἐν

91 2219 136 2283 ιφ
156 2193 283 2261 τούτου
303 2199 496 2279 ψηφίσματι.
529 2188 619 2259 ανδ
637 2189 707 2280 ἆλφ
724 2193 779 2259 καὶ
796 2196 879 2277 δοκῇ
894 2186 1038 2307 τούργρν

92 2292 284 2378 εἰργάσθαι,
296 2288 371 2358 οὔθ’
383 2318 401 2360 ο
391 2289 544 2359 “διωκων
554 2315 614 2358 του
603 2287 824 2368 δεδρακότος
834 2286 958 2369 κύριος,
971 2281 1038 2351 οὔτ’

55 2388 203 2468 manos
207 2386 317 2468 ούδελς
333 2386 456 2475 πλὴν’
439 2415 457 2457 ο
475 2387 585 2473 νόμος.
616 2390 651 2454 τί
664 2377 728 2453 οὖν
744 2381 762 2451 ὁ
781 2381 1038 2470 νόμοςκελεύεις

92 2485 151 2555 τδν
160 2484 287 2555 ἁλόντα
298 2483 348 2555 ἐπ’
362 2483 507 2575 ύκουσίφ
520 2484 614 2574 φόυφ
626 2488 664 2553 ἔν
673 2502 759 2551 τισιν
769 2485 951 2569 είρημένοις
961 2479 1052 2568 χρό-

95 2611 162 2664 νοις
172 2581 467 2672 ἆπελδείντακτὴν
478 2552 624 2652 ύδὸνκοιί
635 2583 789 2669 φεύγειν,
811 2577 912 2662 ἕως”
890 2609 934 2650 αν
951 2583 1108 2649 αἱδί-644

95 2688 191 2770 σφταί
199 2709 274 2750 τινα
284 2691 352 2748 τῶν
362 2685 399 2750 ἐν
409 2686 496 2767 γένει
506 2689 567 2751 τού
579 2681 795 2760 πεπονθότος.
816 2687 997 2768 τηνικαῦτα
1008 2679 1039 2748 δ’

94 2779 190 2867 ἥκειν
199 2782 346 2849 δέδωκεν
357 2785 444 2848 ἔστιν
455 2777 645 2866 ὃντρύιιον,
663 2779 723 2866 ούχ
735 2777 775 2847 δν
786 2775 829 2847 ι’ἒν
839 2780 937 2868 τύχη,
956 2776 1039 2847 ἀλλὰ

94 2882 146 2948 καὶ
161 2888 270 2948 δῦσαι
286 2881 341 2946 καί
355 2886 570 2966 καθαρθῆναι
584 2880 639 2947 καὶ
655 2875 727 2946 ἄλλ’
747 2876 828 2944 ἅττα
840 2872 1040 2964 διῄρηκεν,οἰ“

94 2976 151 3065 χρὴ
94 2986 310 3074 χιτοιῆσαι,
323 2976 444 3065 ὀρθῶς,
459 3005 484 3045 ω
474 2970 617 3100 ύνδρες
625 2976 805 3061 Ἀθηναῖοι,
818 2972 924 3040 πάντα
934 2982 1046 3064 ταῦτα,

58 3075 236 3163 λδλέγων’
218 3103 237 3145 ο
250 3075 366 3162 νόμος.
399 3075 505 3145 καὶ
464 3104 529 3163 γαρ
541 3074 577 3145 τὸ
589 3103 657 3143 των
668 3073 788 3142 οἷκδνσί
788 3100 835 3141 ων
774 3071 1013 3142 ἐίλύττω
977 3100 1039 3160 την

61 3170 287 3261 τιμωρίανῆ
297 3183 365 3243 τοδν
376 3177 536 3244 ἑκουσίων
547 3174 795 3266 τύξαιίδίκαιον,
817 3169 915 3241 κοιλ
882 3198 919 3240 το
932 3196 1040 3258 καρα-

58 3341 61 3348 ,
95 3273 193 3358 σχόντ
196 3266 404 3357 ασφοιλειαν
414 3271 573 3341 απελθείν
583 3296 669 3340 ουτω
680 3269 893 3356 προσταττειν
904 3295 1041 3355 φευγειν

94 3368 206 3453 ὀρθῶς
223 3374 415 3456 ἐστινέχον,
437 3374 491 3439 καί
501 3368 538 3437 τὸ
549 3370 609 3438 τὸν
619 3367 773 3438 κατιόνθ’
787 3367 904 3438 ὁσιοῦν
914 3368 968 3436 καί
979 3392 1041 3432 κα·
1122 3402 1127 3417 v

95 3473 277 3553 δαίρεσθαι
292 3475 441 3557 νομίμοις
455 3469 536 3552 τισί,
559 3468 615 3534 καὶ
630 3464 667 3534 ιδ
683 3463 761 3543 τούς
771 3465 896 3550 νόμους
905 3466 1041 3544 κυρίους
