2318 3894
305 243 448 306 ΠΡΟΣ
465 243 759 308 ΛΕΠΤΙΝΗΝ.
966 245 1007 308 35

58 404 116 491 μὲν
135 402 205 490 χάρ
222 400 377 483 ἀναξίους
393 401 480 471 εἶναί
486 428 535 481 τις
545 401 645 488 φήσει
655 400 829 482 κάκείνους
838 402 1007 490 τιμᾶσθαι,

57 510 103 582 τίς
120 500 269 586 ἀξιος,ε
270 501 391 584 ίπάτω,
413 500 533 588 είμήτε
548 507 616 569 τῶν
627 505 798 589 προτέρων
808 506 919 590 μηδεὶς
928 503 1008 591 μήτε

58 609 124 669 τῶν
135 597 306 686 ὑστέραν·
329 598 404 671 είδδ
417 601 543 684 μηδένα
555 598 672 685 φήσει,
684 596 986 686 συναχθεσθείην
965 627 1009 668 αν

59 696 338 816 ἔγωγετήπόλει,
350 722 366 763 ε
366 693 859 788 ίμηδεὶςένάπαντιτμλχράνφ
870 701 1010 784 μέμονεν

60 795 148 876 ἀξιος
171 787 213 862 εὖ
234 802 338 860 ποθεῖ
325 806 367 860 ῑν.
401 795 455 860 καὶ
476 791 544 878 μήν
566 803 600 862 εί
614 819 652 880 γε
667 791 840 881 ὁμολογῶν
861 799 1009 874 ἐκείνους

61 892 143 960 εἶναι
154 895 361 969 σπουδαίους
371 888 416 978 μὴ
427 891 645 976 τετυχηκότας
656 896 753 972 δείξει
771 892 929 979 μηδενὸς,
950 901 1009 1014 τής

60 991 188 1083 πόλεως
209 988 255 1069 ὡς
276 986 456 1074 ἀχαρίστου
474 991 583 1076 δήπου
598 1005 781 1077 κατηγορεῖ.
813 997 880 1059 ἔστι
897 989 929 1059 δ
947 990 1019 1077 οὐχ·

61 1087 148 1156 οὕτω
161 1086 259 1155 ταῦτ’
274 1092 407 1172 ἔχοντα,
419 1084 494 1154 οὐδ’
507 1085 622 1173 ὀλίγον
633 1092 691 1157 δελ.
715 1087 790 1158 ἀλλ’
803 1090 938 1181 ἐπειδάν
948 1116 1009 1175 τις,
1106 1129 1110 1133 ·

63 1185 168 1273 οἶμαι,
192 1192 392 1272 κακουργῶν
403 1188 455 1254 ἐπὶ
466 1183 509 1272 μή
522 1187 734 1273 προσήκοντα
744 1189 921 1275 πράγματα
931 1185 1010 1265 τοὺς

21 1285 183 1405 114666063
195 1286 372 1372 μεταφέρῃ,
384 1288 552 1369 δυσχερεῖς
562 1283 693 1372 ἀνάγκη
704 1294 895 1372 φαίνεσθαι
919 1283 964 1405 ἀς
974 1287 1011 1352 δὲ

62 1377 244 1468 τάληθέςτ’
258 1386 322 1466 ἔχει
333 1383 388 1450 ναὶ
400 1382 532 1449 δίκαιόν
544 1382 611 1449 ἐστι
622 1386 742 1468 λέγειν,
754 1383 818 1470 ἐγώ
831 1381 914 1468 πρὸς
924 1381 1011 1468 ὑμᾶς
1059 1397 1063 1406 ’

62 1486 134 1569 ἐρῶ.
155 1472 263 1583 ἦσαν,
277 1471 632 1601 6666929'2166600,
644 1483 837 1550 πολλοίτῶν
847 1482 1011 1567 πρότερον

63 1585 256 1663 σπουδαῖοι,
275 1576 356 1646 ταδ’
339 1606 359 1664 η
371 1576 495 1657 πόλις“
476 1586 572 1665 ημολν
583 1581 676 1665 ἐτίμα
684 1580 789 1647 xaz‘
749 1607 824 1648 τοτε
837 1578 916 1658 τοὺς
926 1577 1011 1664 ἀχα-

40 1678 163 1756 ·δούς·
185 1703 207 1743 οι
208 1677 349 1760 ίμέντοι
367 1676 634 1762 τιμαλιιαδτάλλα
645 1675 954 1765 πάντατάμδντότ’
965 1671 1010 1798 66

63 1779 113 1845 ἐπὶ
125 1787 194 1852 τοις
203 1797 261 1841 τοτ
264 1769 397 1858 ’ἔδεσι,
417 1800 457 1840 τοι
446 1771 506 1842 δὲ
516 1781 582 1841 νῦν
595 1777 647 1842 ἐπὶ
657 1790 725 1854 τοϊς
741 1784 814 1843 νῦν.
847 1774 930 1863 πρὸς
947 1769 1010 1843 οὖν
1121 1815 1127 1824 ·

62 1881 94 1942 τί
100 1879 202 1941 τοῦτο
212 1873 316 1957 λέχεος
328 1868 379 1939 ὅτι
391 1870 523 1958 φήσαιμ’
536 1869 580 1940 ἀν
589 1870 681 1959 ἔχοιμ’
693 1878 839 1953 ἐκείνους
849 1873 912 1942 οάιι
921 1879 1011 1941 ἔστιν

62 1971 143 2040 ὅτου
164 1967 256 2059 παρὰ
276 1976 335 2057 τῆς
355 1970 482 2048 πόλεως
505 1968 546 2038 οά
568 1987 679 2057 τυχεῖν
696 1965 745 2039 οἷν
767 1973 1010 2061 ἐβουλήθησαν.

14 2077 127 2139 Ποτίνι
148 2068 320 2155 χρώμενος
340 2074 521 2155 τεκμηρίφ;
543 2066 785 2157 ἀτιΛυσιμάχφ
797 2069 944 2156 δωρεάν,
962 2069 1013 2136 ε’νδ

63 2176 131 2236 τοῖν
142 2167 217 2234 τότε
226 2172 413 2252 χρησίμων
425 2163 594 2250 ἑκατδνμὲ
596 2169 663 2234 νὲν
673 2164 801 2253 Εὐβοία
812 2169 942 2250 πλέθρα
953 2173 1013 2252 γής

63 2265 505 2388 πεφυτευμένηςέδοσαν,
488 2260 787 2384 εκατόνδδψιλής,
798 2260 889 2329 ἔτιδ’
907 2260 1013 2347 ἀργυ-

64 2372 140 2450 ρίου
156 2369 243 2449 μνᾶς
260 2361 395 2483 666666,
417 2387 472 2428 και
463 2362 645 2442 τέτταρας
655 2361 845 2444 τηςημερας
859 2359 1012 2443 δραχμάς.

64 2465 119 2532 καὶ
141 2462 274 2531 τούτων
297 2460 453 2548 ψήφισμα
464 2464 554 2527 ἔστιν
563 2453 826 2544 Αλκιβιαδου,
826 2483 846 2524 ν
862 2448 891 2522 6
910 2462 1075 2524 ταῦταλλλ

63 2565 253 2648 γέγραπται.
277 2554 1015 2678 τότεμὲνγάρήπήλιςήμῶνιιαλγήςηάπόρει

63 2663 118 2727 καὶ
127 2658 322 2746 χρημάτων,
334 2655 443 2724 νῦνδ’
456 2654 650 2742 εὐπορήσει·
672 2654 795 2741 δεῑχάρ
807 2656 894 2724 οὕτω
905 2659 1015 2743 λέγειν

64 2759 120 2827 καὶ
129 2759 175 2845 μή
189 2764 408 2844 βλασφημεῖν.
439 2763 546 2822 καίτοι
559 2751 622 2822 τίν’
636 2751 698 2820 οὐκ
715 2749 759 2822 ἀν
773 2763 886 2822 οίεσθε
898 2762 963 2822 νῦν
975 2754 1013 2822 τὰ

65 2863 178 2941 τρίτον
198 2858 299 2942 μέρος
317 2852 447 2922 τούτων
463 2851 537 2920 ἀντὶ
553 2860 611 2936 τής
627 2850 773 2932 ἀτελείας
789 2856 941 2934 ἑλέσθαι;
963 2850 1014 2920 ὅτι

65 2959 182 3021 τοίνυν
192 2949 307 3038 ἀληθῆ,
316 2949 513 3038 λέγω,λαβε’
520 2975 576 3035 μοι
585 2948 623 3018 τό
635 2951 787 3037 ψήφισμα
798 2958 898 3018 τουτί.
930 2952 1012 3035 λέγε.
1092 3007 1095 3011 .

427 3115 660 3179 ΨῊΦΙΣΜΑ.

13 3264 58 3317 116
141 3233 1017 3327 Ὀτιμδντοίνυν,ἀάνδρδςἈθηνοιίοι,ιιαὶτολςπρο.-

65 3339 179 3425 μόνοις
197 3337 297 3425 ὑμῶν
310 3340 393 3416 ’ἕδος
406 3333 452 3424 ήν
469 3337 548 3416 τούς
561 3333 723 3422 χρηστοὺς
738 3342 854 3420 τιμοῖν,
875 3338 973 3419 δηλοῖ
978 3329 1015 3399 τὸ

66 3437 224 3525 ψήφισμα
234 3442 332 3520 τουτί
336 3462 343 3476 ·
366 3443 397 3505 εί
406 3437 442 3505 δὲ
453 3435 496 3523 μή
510 3450 579 3519 τοῖς
589 3433 700 3512 αὐτοῖς
711 3426 828 3579 οἷστηερ
838 3428 932 3516 ἡμεῖς
942 3436 1017 3512 νῦν,
1061 3473 1066 3483 ·
