2318 3894
140 251 204 315 ιοο
329 245 887 335 μινιᾼιιωοεοεωουεγ
934 308 937 313 ,
1001 266 1005 271 -

102 425 137 481 16
229 407 282 479 Οά
295 406 360 495 γάρ
376 407 418 494 δή
429 432 516 485 τινες
527 402 623 491 ὑμῶν
634 402 740 483 οὕτως
749 409 899 491 ἔχουσιν,
911 400 956 483 άς
966 404 1096 491 προσή-

145 535 218 580 κειν
228 503 399 594 μδνταάθ’
416 502 522 583 οὕτως
532 509 618 589 ἔχειν
639 499 684 581 ἀς
699 500 763 588 ἐγώ
782 505 883 589 λέγω,
911 500 1019 577 διὰδὲ
1032 501 1095 589 τήν

145 612 322 678 ἐπιείκειαν
336 601 397 689 τήν
408 599 682 687 Ἀριστογείτονος
698 601 753 668 καί
764 596 802 669 τό
817 601 978 687 χρήσιμον
989 597 1095 669 αὐτόν

146 703 226 791 ὑμῖν
237 701 319 770 εἶναι
330 703 518 784 παροπτέον
529 724 561 767 τι
574 701 629 766 καὶ
640 707 899 785 παρανομοῦντα
909 696 1023 769 αὐτόν.
1043 696 1096 766 ότι

70 795 75 805 ’
146 798 282 888 μὲνγὰρ
297 796 510 884 πονηρόςκαί
526 795 587 867 τόν
601 797 728 882 τρόπον
738 796 1000 882 δεινάςάδικος,
1020 802 1096 866 cna-

146 895 318 984 νάςὺμῖν,
333 893 377 975 ὡς
388 894 487 981 ἔγωγ’
505 895 610 982 οἶμαι,
627 899 664 964 έκ
682 903 751 965 τῶν
760 901 1009 983 προειρημένων
1023 903 1095 964 Λυ-

146 1004 290 1083 κοῦργος
303 997 514 1080 ἐπιδέδειχεν·
548 991 602 1063 ὅτι
614 993 646 1064 δ’
662 992 740 1063 οὐδὲ
752 995 925 1081 χρήσιμος,
938 997 971 1074 ἐξ
983 990 1095 1061 αὐτῶν

107 1103 218 1166 Ιῖτάυ
229 1092 479 1179 πολιτευμάτων
493 1090 537 1160 άν
550 1119 598 1171 τις
608 1090 712 1162 αάτὸν
722 1094 931 1180 θεωρήσειεν.
946 1102 1022 1162 τίνα
1032 1090 1096 1178 γάρ

45 1188 48 1196 ’
149 1189 354 1281 παραγαγών
368 1197 414 1270 είς
425 1188 463 1258 τό
476 1191 706 1277 δικαστήριον,
728 1183 776 1259 εδν
791 1197 955 1276 αέτιόιται,Ι
966 1191 1097 1259 τούτων

149 1290 356 1378 κατηγόρηκε
368 1284 571 1376 καί,εῖλεν;ή
585 1304 682 1358 ποῖον
692 1290 800 1376 πόρον
809 1280 888 1376 ὑμῖν
898 1289 1096 1374 πεπόρικεν;

148 1387 213 1478 ήτί
221 1389 375 1476 ψήφισμα
388 1392 572 1475 γέγραφεν,
587 1379 616 1476 ηδ
630 1391 821 1466 πεισθέντες
832 1383 924 1473 ὑμεῖς
939 1384 982 1456 οὐ
996 1386 1096 1455 πάλιν

149 1495 350 1575 μετανοῆσαι
364 1493 576 1570 προείλεσθε;
592 1487 723 1571 καὶγὰρ
741 1493 860 1554 ταῦτα·
884 1483 972 1552 οὕτω
982 1484 1097 1562 σκαιός

149 1589 219 1654 έστι
236 1586 291 1653 καὶ
309 1584 480 1670 βάρβαρος
497 1582 558 1651 τόν
576 1584 703 1668 τρόπον
723 1578 817 1668 ὥσθ’,
841 1579 923 1651 όταν
937 1578 1025 1667 ὑμᾶς
1044 1586 1097 1668 ίδη

93 1734 96 1747 .
149 1681 435 1766 παροργισθέντας
444 1706 476 1747 τι
493 1681 578 1764 πρός
587 1706 680 1759 τινας
690 1683 745 1748 καί
755 1687 883 1766 μάλλον
893 1687 953 1748 τοῦ
966 1682 1098 1757 δέοντος

151 1778 437 1864 παροξυνθέντας,
447 1785 638 1863 τηνικαῦτα
654 1776 743 1863 παρά
759 1774 823 1863 τήν
834 1776 939 1864 ὀργήν
951 1775 1048 1864 ὑμῶν
1058 1776 1098 1845 τά

111 1876 346 1964 γρβουλήματα
359 1874 473 1961 λαβών
483 1888 550 1954 τοῖς
562 1889 688 1962 καιροῖς
697 1878 911 1945 ἐναντιοῦται.
927 1880 979 1943 δεῖ
988 1875 1025 1944 δέ
1041 1874 1100 1943 τὸν

154 1972 416 2058 πολιτευόμενον
440 1970 525 2060 ὑπὲρ
545 1971 642 2060 ὑμῶν
662 1972 735 2060 οόχὶ
758 1989 826 2052 τοῖς
850 1977 1006 2061 ἐξαίφνης
1027 1970 1098 2060 μετ’

151 2071 253 2160 όργής
286 2071 432 2141 πάθεσιν
465 2069 545 2158 ὑμῖν
573 2070 819 2160 συμπίπτουσιν
846 2075 1099 2156 ἐπακολουθεῖν,

151 2168 235 2239 ἀλλά
247 2184 315 2250 τοῖς
324 2181 494 2257 λογισμοῖς
504 2172 559 2241 καὶ
573 2187 641 2251 τοῖς
653 2170 821 2257 πράγμασι
836 2172 892 2239 καὶ
909 2185 976 2248 τοῖς
990 2167 1101 2256 άπάρ·

150 2292 247 2357 χουσι
257 2285 399 2359 καιροῖς·
420 2269 461 2338 τά
478 2270 539 2357 μέν
549 2269 614 2356 γάρ
631 2268 712 2356 ταχὺ
723 2275 933 2355 μεταπίπτειν
947 2277 1099 2351 εῖθισται,

150 2369 191 2438 τά
204 2371 240 2438 δέ
252 2372 420 2458 διαμένειν
434 2371 490 2440 καὶ
499 2376 600 2438 πλείω
610 2367 732 2455 χρόνον
744 2365 917 2453 ὑπάρχειν·
940 2357 990 2434 ἀν
1002 2359 1101 2447 οὗτος

125 2469 130 2480 ’
152 2467 252 2536 οὐδὲν
269 2468 523 2554 ἐνθυμούμενος
543 2470 666 2552 έλέγχει
684 2462 724 2533 τά
741 2464 911 2551 ἀπόρρητα
930 2471 989 2548 τῆς
1005 2471 1101 2531 πολι-

150 2572 254 2649 τείας,
277 2564 361 2633 όστε
371 2562 476 2633 ταάτά
489 2560 734 2650 ἀναγκάζεσθαι
747 2565 803 2633 καὶ
815 2560 914 2646 κάρια
928 2563 983 2628 καὶ
999 2560 1101 2657 πάλιν

85 2716 87 2720 ⁴
152 2659 261 2747 άκνρα
275 2668 391 2729 ποιεῖν.
1109 2695 1153 2751 806

110 2786 149 2849 19·
234 2754 320 2824 Ἀλλ’
333 2767 411 2836 ῖσως
421 2758 474 2826 ότι
488 2759 572 2842 πρὸς
582 2757 730 2850 ἅπαντας
747 2755 798 2825 ἀεί
812 2773 1017 2846 προαιρεῖται
1031 2767 1102 2827 λοι·

153 2860 325 2940 δορεῖσθαι
349 2857 404 2922 καί
426 2859 626 2942 διαβοᾶσθαι
648 2855 703 2921 καί
726 2859 918 2942 μέμφεσθαι
936 2854 977 2924 τά
1004 2857 1103 2942 λεγό-

152 2980 252 3042 μενα,
277 2952 332 3022 διά
355 2959 459 3022 ταῦτα
479 2959 689 3040 περιποιῆσαι
715 2960 782 3020 νῦν
801 2951 906 3024 αὐτόν
931 2951 1099 3040 ἁρμόττει·

152 3052 236 3122 ἀλλά
246 3052 350 3122 ταῦτά
365 3049 534 3142 γενητήν
545 3048 693 3137 Ἀθηνάν
706 3050 836 3132 ὄνειδός
852 3057 958 3139 ἐστιν,
981 3051 1102 3137 ἀνδρες

152 3154 317 3236 δικασταί,
331 3150 372 3221 τά
388 3153 569 3239 γηινόμενα
579 3154 620 3236 τῇ
631 3149 726 3243 πόλει
737 3153 790 3220 έπὶ
800 3158 862 3220 τοό
876 3151 1033 3237 βήματος,
1045 3151 1101 3218 καί

153 3245 208 3315 διὰ
229 3249 287 3327 τάς
306 3251 436 3332 τούτων
452 3250 611 3326 ἀπονοίας
629 3250 852 3322 ἐπονείδιστον
865 3248 930 3337 ήδη
950 3249 987 3318 τό
1004 3256 1101 3316 πολι,

152 3344 310 3413 τεόεσθαι
327 3344 418 3431 παρά
435 3360 503 3426 τοῖς
518 3348 694 3416 ἐπιεικέσιν
709 3346 806 3436 ὑμῶν
823 3352 921 3417 ἐστίν.
950 3352 980 3414 εί
994 3345 1024 3416 δ’
1037 3338 1101 3413 οὖν

155 3444 220 3513 τινί
230 3443 329 3514 τοῦθ’
344 3441 440 3540 ὑμῶν
451 3439 599 3533 ένὴδονή
610 3450 834 3534 συμβέβηκεν,
845 3445 908 3513 οὐκ
919 3442 1100 3531 ἀπορήσετε
