2318 3894
280 223 423 287 xm
443 225 849 307 ηααεονιτιαοε.
971 225 1038 291 ,ιει

88 410 169 471 γον,
192 379 262 453 ἀλλ’
275 377 391 473 δτανῇ
400 393 574 472 προσηκον
591 389 628 455 ἐκ
644 394 706 454 τού
716 387 832 473 νόμου.
863 391 918 457 καὶ
929 391 1041 456 νύνδὲ

89 489 271 570 δείκνυμεν
286 482 352 569 ούκ
370 488 476 553 ἐάντοι
494 484 637 572 γράφειν
656 508 709 571 σε,
721 485 808 554 οὐδ’
821 483 920 564 δτοίς
930 483 1042 565 ἀλλοις

52 589 212 666 εείξεστι,
235 579 298 649 τδν
314 581 429 668 νόμον.
465 580 510 661 ὥς
528 577 593 651 οὖν
609 581 672 651 ούιι
691 577 833 671 ἀφλενὸ
849 584 956 671 πατήρ
969 605 1041 669 σου,

88 677 176 750 τοῦτ’
191 683 365 765 ἐπίδειξον,
383 677 405 766 ἦ
420 678 465 772 άς
485 679 546 750 ούκ
559 680 705 765 ἀποδρὰς
716 687 856 768 ἐξῆλθεν
866 686 902 750 ἐκ
914 690 976 752 τού
988 687 1043 751 δε-

62 822 66 827 ·
89 784 299 866 σμωτηρίου,
317 776 400 847 ἀλλά
417 778 456 847 τά
474 781 623 867 χρήματα
640 784 775 859 ἐκτίσας.
798 782 871 850 είδδ
882 780 927 868 μη
939 778 1038 849 ταῦθ’

89 879 174 958 ἕξεις
186 877 374 967 δεικνύναι,
388 876 451 947 ούκ
462 880 537 960 ἐξὸν
546 883 734 965 γέγραφας·
750 880 966 967 ’κληρονόμον
976 880 1051 965 γάρ’

50 1001 53 1007 ·
91 997 128 1045 σε
139 975 368 1064 καθίστησινὸ
380 978 482 1064 νόμος
491 986 550 1065 τῆς
560 978 688 1063 ἀτιμίας
698 987 754 1064 τῆς
764 988 825 1046 τοῦ
835 975 968 1064 πατρὸς,
981 978 1041 1045 άν-
1050 987 1102 1042 604

91 1077 166 1146 ταδ’
182 1075 289 1167 ἀτίμφ
300 1098 354 1146 σοι
364 1085 472 1163 λεγειν
485 1076 527 1146 ού
542 1103 711 1167 προσηκεν
722 1077 801 1146 ουδὲ
811 1105 961 1163 γράφειν
985 1081 1041 1146 καί

39 1190 42 1197 ’
92 1201 153 1265 περ
153 1177 375 1269 ὶμδυτων’
334 1204 466 1264 νομωυ,
488 1174 546 1256 οὓς
562 1174 844 1262 παρεγραψάμεθ’,
868 1175 957 1262 οἶμαι
972 1180 1041 1244 δείν

92 1272 196 1362 ὑμᾶς,
221 1273 266 1342 ἀν
285 1302 317 1342 τι
333 1280 521 1361 φενακίζειν
539 1279 669 1360 ἐγχειρῇ
686 1277 741 1342 καὶ
759 1273 921 1358 παράγειν
932 1265 1040 1359 οὗτος,

92 1373 189 1442 ταῦθ’
201 1370 489 1459 ὑπολαμβάνειν,
476 1401 496 1439 α
491 1373 725 1457 διεξελήλυθα
736 1371 810 1456 ἐγώ.

59 1487 86 1541 ³⁵
175 1475 253 1540 Είσλ
271 1472 308 1539 δὲ
325 1473 378 1540 καὶ
397 1473 472 1556 περὶ
488 1498 557 1538 των
573 1471 689 1538 ἀλλων.
703 1468 792 1558 αύτφ
782 1469 899 1556 λύγοι
909 1469 992 1556 πρὸς
1002 1471 1039 1540 τύ

93 1574 281 1654 φενακίζειν
293 1566 380 1654 ὑμεῖς
400 1563 439 1637 εὖ
450 1572 729 1656 μεμηχανημένοι,
746 1571 828 1656 ,περὶ
845 1561 895 1635 οἷν
910 1573 1041 1656 βέλτιον

91 1666 178 1755 ὑμᾶς
188 1675 405 1751 προακοῦσαι.
428 1673 496 1736 ἔστι
504 1666 569 1756 γάρ
580 1667 625 1748 εἷς
636 1666 727 1758 αύτῷ
737 1676 895 1755 τοιοῦτος,
903 1666 946 1755 μὴ
958 1694 1040 1738 πευ-

92 1772 270 1845 τακοσίους
285 1763 383 1852 δμύν
399 1765 511 1836 αύτεὸν
529 1767 715 1854 ἀφελέσθαι
732 1766 794 1854 τὴν
812 1767 940 1853 δωρεάν
957 1771 1040 1856 μηδὲ

91 1864 213 1934 ὀνείδει
223 1872 428 1952 περιβαλεῖν·
450 1869 585 1935 ἐκείνων
595 1863 613 1934 ὅ
625 1864 728 1953 άγοδν,
743 1863 805 1933 ούκ
817 1867 902 1953 ἐμός.
926 1866 1038 1957 &M

92 1970 121 2033 εί
129 1967 194 2052 μὲν
206 1968 355 2051 ἐμέλλετε
367 1964 614 2051 ἀφαιρήσεσθαι
625 1966 764 2044 τούτους
775 1965 897 2054 μόνον,
909 1964 990 2034 ἀλλο
1002 1969 1039 2034 δὲ
1105 2018 1108 2025 -

68 2114 72 2131 .
93 2063 195 2150 μηδὲν
215 2060 401 2147 ὠφελήσειν
418 2059 481 2148 την
498 2064 611 2145 πόλιν,
633 2062 734 2131 οὐδὲν
750 2059 794 2129 ἀν
811 2061 895 2148 ὑμᾶς
908 2064 1039 2149 σφόδρα

92 2161 293 2242 σπουδάζειν
308 2159 438 2248 ἠξίουν·
461 2168 492 2230 εί
507 2162 542 2230 δὲ
558 2170 606 2251 τῷ
622 2171 721 2230 τούτο
732 2169 865 2247 ποιησαι
875 2157 1041 2246 πλείουςῆ

94 2265 234 2344 μυρίους
249 2257 328 2338 τούς
344 2258 468 2338 ἀλλους
484 2265 619 2338 πολίτας
633 2267 784 2346 βελτίους
801 2257 884 2326 εἶναι
900 2263 1041 2345 προτρέ-

93 2371 185 2444 ψετε,
206 2358 305 2448 πύσφ
320 2358 457 2428 κάλλιον
472 2356 652 2436 τοσούτους
679 2355 929 2440 παρασκευάσαι
958 2382 1040 2443 χρη-

61 2456 191 2537 λοπούς
205 2452 231 2544 ἢ
247 2455 825 2542 πεντακοσίοιςἀδίκωςχαρίσασδαι·;
856 2449 899 2532 ὡς
916 2452 947 2520 δ’
960 2452 1036 2522 οὐδ’

92 2560 178 2626 ἐστιν
189 2555 321 2642 ἀπάσης
334 2557 371 2625 τὸ
384 2565 520 2643 πρᾶγμα
530 2564 588 2642 τῆς
597 2561 737 2642 βουλῆς,
762 2549 843 2620 ἀλλά
857 2558 975 2640 τινῶν,
989 2556 1040 2621 οἴ-

96 2679 152 2743 τερ
163 2659 251 2726 εἰσὶν
262 2665 360 2724 αίτιοι
371 2664 439 2723 τείν
450 2665 575 2739 κακῶν,
589 2656 644 2723 καὶ
652 2651 897 2737 Ἀνδροτίωνος,
910 2656 973 2738 ἔχει
985 2657 1039 2720 λε’-

94 2779 171 2838 γειν.
204 2761 253 2844 τῷ
268 2751 333 2841 γάρ
348 2758 438 2822 ἐστιν
449 2752 592 2839 ὄνειδος,
614 2758 645 2822 εί
658 2758 849 2830 σιωπῶντος
865 2749 970 2820 αύτού
984 2754 1039 2820 καί

96 2856 195 2940 μηδὲν
203 2853 411 2942 γράφοντος,
435 2862 513 2933 ίσως
526 2853 561 2922 δὲ
577 2850 656 2920 οὐδὲ
672 2848 712 2919 τά
731 2848 836 2918 πολλά
849 2855 895 2929 είς
905 2850 943 2918 τὸ
954 2857 1038 2937 βου-

96 2951 269 3038 λουτήρων
301 2951 476 3037 εἰσιόντος,
514 2948 557 3037 μὴ
580 2949 678 3036 λάβοι
708 2945 729 3035 ἡ
751 2945 856 3034 βουλὴ
879 2945 940 3014 τὸν
963 2951 1038 3016 στί-

63 3112 66 3121 ,
96 3072 219 3129 φανους
244 3047 359 3117 ούδενί
373 3050 569 3140 δήπουθεν,
587 3045 670 3116 ἀλλά
690 3054 751 3115 τοῦ
771 3045 960 3131 γράφοντος
981 3050 1037 3115 καί

97 3151 353 3268 τολιτευομίυρυ
372 3149 437 3223 καὶ
447 3154 622 3225 πείθοντος
645 3142 667 3212 ἀ
687 3144 843 3232 βούλοιτο
872 3140 935 3230 την
951 3151 1037 3233 βου-

97 3243 180 3330 λήν·
202 3244 259 3313 διὰ
286 3244 351 3331 γάρ
378 3245 528 3325 τούτους
539 3243 664 3324 ἀνάξια
691 3251 752 3312 τού
778 3250 1037 3330 στεφανωθῆναι
1126 3318 1129 3322 ,

68 3334 322 3430 λλβεβούλευκεν.
375 3343 417 3413 οὐ
436 3342 504 3430 μὴν
524 3342 591 3412 ἀλλ’
611 3350 642 3413 εί
629 3346 717 3413 ίκαὶ
738 3340 778 3410 τά
799 3342 940 3428 μάλιστα
970 3341 1036 3408 πά-

98 3461 150 3526 σης
170 3439 274 3511 δσδ”
258 3470 277 3512 ο
296 3468 389 3529 αγιιν
404 3451 462 3531 τῆς
476 3442 657 3532 βουλης,“
636 3464 705 3533 οσςο
728 3443 896 3562 συμφέρει
910 3445 1036 3526 μᾶλλον
