2318 3894
339 241 483 304 ΠΡΟΣ
509 240 801 305 ΛΕΠΤΙΝΗΝ.
1024 244 1047 308 9

93 405 264 488 κρείττους
280 403 363 468 εἰσὶν
379 405 416 468 αί
429 397 503 484 παρ’
521 400 618 487 ὑμῶν
633 404 769 489 δωρεαὶ,
790 401 875 473 τοῦτ’
895 403 1047 491 ἀφαιρεί-

92 524 155 566 ται.
188 504 297 566 καίτοι
313 505 381 564 τῶν
396 493 536 580 ἀπασῶν
552 490 593 584 ἧς
609 497 655 565 ἀν
664 524 755 579 τινος
764 509 927 581 πολιτείας
935 500 973 569 vo*
984 528 1044 570 κο-
1136 523 1140 530 ·

40 620 43 625 ·
94 602 246 683 μίξεσθαι
267 593 347 674 τούς
368 593 490 674 εάνους
509 609 579 674 τοϊς
600 604 788 664 καθεστῶσι
807 597 905 685 χάριν
925 602 1043 687 ἐξέλῃς,

94 693 136 761 οὐ
156 692 283 783 μικράν
303 693 457 780 φυλακην
479 682 591 761 αάτῶν
610 695 736 781 ταύτην
762 694 941 783 ἀφηρηκώς
968 702 1043 764 ἔσει.

57 802 88 856 18
179 791 278 876 Τάχα
289 798 406 859 τοίνυν
421 801 500 870 ἴσως
521 794 628 860 ἐκεῖνο
650 796 758 878 λέγειν
773 787 817 861 ἀν
834 794 1043 880 ἐπιχειρήσειε

93 895 265 975 Λεπτίνης,
273 886 415 972 ἀπάγων
426 887 512 974 ἀμάς
522 887 586 956 ἀπὸ
598 889 736 974 τούτων,
746 888 789 970 ώς
799 895 836 959 αί
844 898 1044 976 λειτουργίαι

92 988 231 1074 νῦνμεν
249 994 295 1067 είς
306 991 447 1073 πένητας
464 985 666 1071 ἀνθρώπους
683 995 848 1074 ἔρχονται,
871 995 906 1056 ἐκ
927 989 962 1057 δὲ
980 996 1042 1056 τοῦ

93 1084 203 1171 νόμου
212 1083 335 1152 τούτου
345 1085 640 1171 λειτουργήσουσιν
650 1091 685 1178 οί
692 1089 938 1156 πλουσιώτατοι.
973 1093 1042 1156 ἔστι
1076 1086 1080 1090 ’

94 1185 128 1250 δὲ
138 1191 239 1251 τοῦτο
250 1180 370 1251 οὑτωσὶ
380 1182 442 1269 μὲν
453 1181 592 1251 ἀκοῦσαι
602 1183 704 1270 λόγον
713 1184 772 1254 τιν’
785 1188 876 1271 ἔχον·
900 1191 930 1252 εί
943 1189 983 1253 δέ
992 1211 1041 1264 τις
1098 1256 1101 1265 .

94 1279 173 1348 αιἰτό
190 1280 334 1367 ἀκριβῶς
350 1280 518 1369 ἐξετάσειε,
529 1278 754 1361 φεῦδοςάνόυ
764 1290 894 1369 φανείη.
907 1279 1040 1366 είσὶγάρ

94 1378 203 1465 δήπου
222 1374 296 1461 παρ’
309 1376 389 1464 ἡμῖν
411 1382 447 1444 αἵ
465 1403 501 1446 τε
517 1386 585 1446 τῶν
601 1385 762 1464 μετοίκων
777 1387 976 1462 λειτουργίαι
986 1380 1041 1446 καὶ

94 1481 129 1544 αἱ
137 1479 317 1563 πολιτικαὶ,
337 1469 385 1544 ῶν
396 1477 561 1561 ἑκατέρων
576 1479 643 1545 ἐστὶ
654 1493 722 1557 τοῖς
732 1471 953 1565 εὖρημένοιςὴ
966 1474 1041 1544 ἀτέ-

32 1631 38 1649 .
100 1583 180 1659 λεια,
197 1567 350 1660 ἣνοῦτος
366 1573 561 1661 ἀφαιρεῖται.
593 1585 663 1644 τῶν
677 1576 742 1663 γάρ
760 1582 805 1656 είς
820 1580 881 1645 τόν
895 1577 1041 1663 πόλεμον

93 1677 147 1740 καὶ
163 1670 226 1759 τὴν
237 1681 402 1760 σωτηρίαν
417 1682 475 1760 τῆς
492 1673 617 1752 πόλεως
635 1681 801 1760 εἰσφορῶν
811 1677 866 1743 καὶ
881 1699 1040 1760 τριηραρ-

93 1777 173 1855 χιῶν
185 1768 299 1854 ὀρθῶς
310 1772 364 1839 καὶ
376 1775 509 1850 δικαίως
520 1770 629 1852 οὐδείς
640 1771 708 1841 ἐστ’
725 1771 841 1858 ἀτελὴς
850 1776 887 1841 ἐκ
897 1781 964 1839 τῶν
974 1795 1039 1838 πα-

94 1876 197 1936 λαιῶν
206 1869 336 1954 νόμων,
349 1866 424 1937 οὐδ’
436 1866 495 1947 οὓς
506 1862 750 1956 οὖτοςέγραφε,
768 1872 846 1950 τοὺς
856 1869 912 1957 ἀφ’
920 1868 1039 1956 Ἁρμο-

64 1969 165 2034 19δίου
183 1967 240 2033 καὶ
253 1964 535 2051 Ἀριστογείτονος.
577 1968 777 2055 σκεψώμεθα
794 1967 834 2055 δη
852 1977 944 2046 τίνας
959 1965 1040 2054 ἡμῖν

93 2071 229 2132 είστιοιεί
237 2063 400 2149 χορηγοὺς
411 2071 456 2144 είς
466 2068 592 2145 ἐκείνας
602 2065 660 2145 ιάς
668 2075 887 2151 λειτουργίας,
907 2066 1037 2132 καὶπά·

95 2181 181 2248 σους,
193 2160 254 2229 ἐάν
264 2159 310 2248 μὴ,
319 2161 425 2252 τούτῳ
436 2168 663 2250 προσέχωμεν,
685 2162 815 2249 ἀφήσει.
847 2167 882 2230 ολ
896 2163 1038 2248 μὲντοί-
1063 2159 1069 2171 ’

94 2285 154 2327 νυν
170 2258 410 2328 πλουσιώτατοι
425 2270 699 2348 τριηραρχοῦντες
723 2259 773 2328 ἀεὶ
789 2267 1037 2353 τῶνιχορηγιῶν
1054 2300 1059 2307 -

95 2354 214 2437 ἀτελεῖς
224 2355 448 2445 ὑπάρχουσιν,
472 2363 507 2426 οἱ
517 2357 548 2426 δ’
561 2359 684 2426 ἐλάττω
700 2365 768 2424 τῶν
785 2362 909 2424 ίκανῶν
919 2381 1035 2441 κεκτη-

94 2456 192 2539 μένοι,
203 2453 266 2541 την
276 2453 459 2540 ἀναγκαίαν
468 2453 617 2535 ἀτέλειαν
627 2459 842 2543 ἐχοντες,ἐξω
852 2461 913 2522 τοῦ
923 2458 1037 2532 τέλους

95 2555 150 2619 εἰσὶ
160 2550 300 2620 τούτου·
317 2550 444 2621 οὐκοῦν
453 2553 582 2622 τούτων
598 2555 658 2642 μὲν
669 2552 852 2639 οὐδετέρων
863 2549 971 2629 οὐδεὶς
982 2551 1036 2619 διὰ

64 2645 151 2715 λθτὸν
167 2649 275 2735 νόμον
290 2647 370 2766 ἡμῖν
388 2656 563 2734 προσέσται
578 2652 725 2738 χορηγός.
759 2659 841 2719 αλλα
860 2677 902 2737 νη
912 2659 979 2718 Δια
991 2655 1037 2728 είς

95 2745 147 2825 τάς
157 2754 226 2842 τῶν
237 2753 399 2832 μετοίκων
410 2757 613 2836 λειτουργίας
630 2755 768 2817 είσποιεί
780 2749 932 2825 πολλούς.
967 2745 1036 2815 ἀλλ’

95 2844 149 2910 ἐάν
166 2847 256 2931 δείξῃ
272 2848 386 2931 πέντε,
409 2845 472 2931 ἐγώ
490 2857 603 2934 ληρεῖν
620 2845 781 2933 ὁμολογῶ.
814 2846 1098 2931 θησωτοίνυνςρς

96 2937 153 3024 ἐγώ
170 2938 215 3027 μὴ
225 2950 387 3010 τοιοῦτον
404 2943 618 3029 εἶναιτοῦτο,
641 2942 724 3013 ἀλλά
735 2946 866 3015 καὶτῶν
877 2949 1038 3030 μετοίκων

94 3046 243 3118 πλείονας
253 3035 276 3126 ἦ
287 3041 475 3125 τοσούτους,
488 3041 546 3110 ἐάν
556 3039 574 3109 ὁ
585 3042 791 3128 νόμοςίεθῇ,
799 3039 877 3118 τούς
887 3049 1038 3126 λειτουρ·

93 3146 233 3218 γοῶντας
242 3141 388 3221 ἔσεσθαι,
400 3135 533 3207 καὶτῶν
542 3146 687 3207 πολιτῶν
698 3141 822 3224 μηδένα
833 3141 868 3204 ἐκ
880 3163 1037 3224 τριηραρ-

92 3242 159 3319 χίας
169 3235 332 3321 ὑπάρξειν
348 3235 454 3325 άτελῆ.
487 3238 687 3323 σκεψώμεθα
698 3236 738 3322 δὴ
750 3242 783 3303 τί
790 3233 879 3303 τοῦτ’
893 3241 1037 3339 ἔσταιτῇ

93 3332 194 3419 πόλει,
206 3332 267 3402 ἐάν
277 3334 419 3413 άπαντες
428 3327 521 3404 οὗτοι
532 3341 758 3419 λειτουργῶσι·
771 3331 951 3418 φανήσεται
961 3330 1036 3417 γάρ,

61 3438 84 3493 λι
92 3429 167 3500 οὐδὲ
177 3439 305 3500 πολλοῦ
317 3437 375 3520 δεί,
387 3441 445 3520 τῆς
453 3437 675 3520 γενησομένης
686 3431 778 3512 ἀξιον
789 3430 953 3516 αι’σχώνης.
975 3427 1038 3515 δρα
