2318 3894
253 220 256 225 “
306 182 450 280 ΠΡΟΣ
475 215 769 281 mmmm.
975 218 1015 285 ιι

63 396 111 452 εῖν
128 373 187 467 εὖ,
210 377 356 466 μάλιστα.
366 374 402 444 ’δ’
415 381 450 444 οἰ
464 376 554 462 παρὰ
572 378 630 456 τάς
645 385 770 462 χρείας,
794 372 849 447 οἷν
861 377 906 468 εἰς
916 374 1015 462 οὗτος

61 479 148 566 ἀνὴρ
172 474 223 546 ἀν
242 482 404 563 φαίνεται.
437 474 497 543 εἰτ’
516 474 578 543 ούκ
595 475 826 563 αἰσχυνόμεθ’,
850 473 879 545 ἀ
895 481 1015 560 ἀνδρες

58 569 244 666 Ἀθηναῖοι,
255 572 405 652 τούςτού
415 575 569 641 τοιούτου
580 578 697 653 παῖδας
707 582 738 643 εἰ
745 580 908 662 μηδεμίαν
917 604 1015 666 ποιη·

61 678 200 764 σάμενοι
216 672 346 741 τούτων
363 669 504 756 μηθενός
522 679 639 757 μνείαν
655 672 862 760 ἀφῃρημένοι
882 677 1015 760 φανού-

26 785 151 863 ςχμεθα
160 775 224 859 την
236 767 381 854 δωρεάν,
395 769 638 856 μηθένέχοντες·
646 774 817 854 έγκαλέσαι
824 795 838 853 3·
856 771 898 841 οὐ
907 772 972 861 γάρ
985 781 1015 843 εἰ

61 877 167 960 ἕτερον
178 873 239 956 μέν
248 862 334 954 ἦσαν
346 872 380 935 οί
388 867 462 934 τότε
474 872 638 947 σωθέντες
649 867 704 937 ὑπ’
716 871 822 940 αὐτοῦ
832 876 886 941 καλ
899 874 1013 952 ἀόντες

59 968 122 1056 τήν
135 966 305 1050 ἀτέλειαν,
328 967 434 1047 ἕτεροι
453 962 484 1032 δ’
506 963 599 1052 ὑμεῖς
615 972 655 1034 οἰ
672 975 736 1035 νῦν
758 967 1010 1057 ἀφαιρούμενοι,

58 1065 200 1136 ἀπολύει
214 1071 312 1130 τοῦτο
330 1061 393 1148 τὴν
410 1063 594 1150 αἰσχύνην,Ι
607 1063 682 1135 ἀλλ’
701 1066 783 1135 αὐτό
796 1067 836 1155 δὴ
848 1079 946 1137 τοῦτο
956 1071 1012 1138 καί

59 1162 94 1233 τό
121 1162 236 1231 δεινόν
256 1165 359 1230 ἐστιν..
387 1167 418 1229 εἰ
426 1157 491 1246 γάρ
510 1165 544 1231 οἰ
558 1163 620 1248 μὲν
636 1165 758 1242 εἰδότες
775 1170 830 1234 καλ
846 1167 1013 1242 παθόντες

60 1263 134 1342 ἀξια
155 1260 286 1328 τούτων
306 1258 457 1343 ἐνόμιζον
479 1252 518 1325 εὖ
539 1259 691 1344 πάσχειν,
714 1258 808 1346 ἡμεῖς
825 1260 855 1329 θ’
874 1267 909 1329 οί
923 1263 1011 1352 λόγῳ

59 1358 152 1427 ταῦτ’
167 1357 347 1446 ἀκούοντες
358 1355 403 1435 ὡς
415 1355 559 1435 ἀναξίων
570 1355 843 1445 ἀφαιρησόμεθα,
866 1367 935 1438 πῶς
951 1359 1013 1448 ούχ

23 1473 54 1528 48
61 1457 258 1543 ὑπέρδεινον
272 1456 469 1541 ποιήσομενς
491 1452 509 1522 ὁ
528 1451 630 1534 αὐτὸς
645 1463 761 1524 τοίνυν
771 1461 841 1525 έοτί
848 1459 1013 1544 μοιλόγος

59 1548 157 1634 οὗτος
167 1558 223 1622 καί
234 1557 385 1640 περὶτῶν
401 1551 479 1632 τούς
497 1559 727 1636 τετρακοσίους
743 1555 1009 1644 καταλυσάντων,

60 1657 114 1722 καὶ
131 1655 291 1736 περὶτῶν
307 1649 356 1719 ὅτ’
378 1657 520 1735 ἔφευγεν
537 1648 555 1718 ὁ
574 1656 677 1737 δῆμος
692 1652 1012 1739 χρησίμουςαύτοὺς
1104 1655 1109 1666 '

60 1749 316 1837 παρασχόντων·
339 1747 544 1837 πάνταςιγάρ
561 1747 835 1836 αύτούςὴγοῦμαι
847 1751 1009 1836 δεινότατ’

62 1847 103 1917 ἀν
115 1859 254 1932 παθεῖν,
267 1857 300 1915 εἰ
306 1874 337 1915 τι
345 1857 413 1916 τόν
423 1848 497 1916 τότε
507 1851 745 1934 ψηφισθέντων
758 1846 870 1928 αὐτοῖς
880 1852 1010 1936 λυθείη.

31 1967 57 2023 49
145 1953 191 2015 Εἰ
204 1952 321 2022 τοίνυν
337 1973 386 2025 τις
402 1945 498 2032 ὑμῶν
515 1949 622 2019 έκεῖνο
639 1948 822 2031 πέπεισται,
844 1946 931 2016 πολύ
948 1954 1012 2016 τοῦ

48 2092 50 2094 -
63 2051 228 2134 δεηθῆναί
233 2043 323 2123 τινος
332 2047 486 2113 τοιούτου
496 2052 562 2111 νῦν
574 2043 705 2129 ἀπέχειν
715 2043 777 2131 τὴν
788 2046 896 2131 πόλιν,
907 2053 1016 2114 ταῦτα

63 2146 121 2230 μὲν
131 2144 284 2231 εὐχέσθω
295 2158 362 2221 τοῖς
371 2154 479 2228 θεοῖς,
491 2136 581 2228 κάγοά
593 2143 809 2227 συνεύχομαι,
829 2147 1010 2228 λογιζέσθω

65 2244 97 2312 δὲ
113 2250 249 2330 πρῶτον
266 2242 327 2327 μὲν
343 2240 395 2308 ότι
410 2244 485 2325 περὶ
500 2242 608 2326 νόμον
625 2243 735 2324 μέλλει
747 2243 862 2324 φέρειν
872 2240 933 2327 τὴν
944 2248 1012 2326 φῆ-

65 2367 144 2426 φον,
169 2332 198 2430 ᾦ
215 2337 260 2424 μὴ
277 2333 541 2428 λυθέντιζθεήσει
558 2345 717 2422 χρῆσθαι,
741 2336 898 2421 δεύτερον
909 2335 941 2404 θ’
960 2336 1013 2404 ότι

65 2441 267 2524 βλάπτουσιν
284 2442 319 2505 οἰ
332 2438 470 2523 πονηροὶ
488 2435 586 2522 νόμοι
601 2435 656 2502 καί
672 2434 730 2512 τάς
740 2431 898 2519 ἀσφαλῶς
909 2441 1011 2503 οἰκεῖν

65 2541 214 2623 οἰομένας
226 2537 345 2615 πόλεις.
366 2534 408 2603 ού
420 2535 484 2622 γάρ
496 2531 540 2603 ἀν
550 2537 720 2621 μετέπιπτε
730 2531 771 2600 τά
782 2531 949 2620 πράγματ’
962 2526 1009 2602 ἐπ’

65 2632 234 2723 ἀμφότερ’,
247 2633 329 2721 εἰμὴ
340 2634 418 2713 τοὺς
429 2634 489 2720 μὶν
499 2638 535 2701 έν
544 2632 691 2720 κινδύνῳ
701 2633 945 2717 καθεστηκότας
954 2634 1010 2701 καί

65 2735 193 2817 πράξεις
202 2735 338 2819 χρησταὶ
348 2734 403 2800 καί
413 2731 510 2819 νόμοι
520 2730 575 2800 καί
585 2729 844 2816 άνθρεςχρηστολ
853 2735 907 2798 καλ
915 2726 1006 2798 πάντ’

65 2828 250 2917 ἐξητασμέν’
268 2832 320 2898 ἐπὶ
335 2827 373 2897 τό
390 2834 520 2917 βέλτιον
535 2836 676 2915 προῆγε,
697 2827 776 2907 τούς
793 2826 823 2895 δ’
841 2831 878 2895 έν
898 2826 1010 2918 ἀπάτη

65 2927 265 2996 καθεστάναι
283 2934 466 3008 δοκοῦντας
482 2925 675 3015 εὐδαιμονίη
693 2926 802 2993 πάντα
819 2924 912 2992 ταῦτ’
927 2926 1070 3012 dus-472

33 3025 207 3113 ὄλλούμενα
216 3024 448 3113 ύπέρρεικατά
458 3028 587 3114 μικρόν.
620 3025 762 3110 τῶνγὰρ
772 3023 964 3109 ἀνθρώπων
974 3031 1009 3096 οἰ
1044 3097 1048 3102 ,

64 3133 208 3193 πλεῖστοι
224 3132 369 3192 κτῶνται
384 3130 445 3211 μὲν
460 3123 591 3212 τάγαθά
608 3131 656 3214 τῷ
666 3131 774 3201 καλῶς
784 3124 1009 3209 βουλεύεσθαι

64 3224 115 3290 κἀἰ
123 3219 266 3308 μηδενὸς
279 3239 518 3310 καταφρονεῖν,
540 3223 718 3309 φυλάττειν
736 3218 767 3287 θ’
781 3219 844 3289 ούκ
855 3225 1010 3292 ἐθέλουσι

63 3335 129 3399 τοῖς
150 3318 263 3397 αὐτοῖς
283 3321 422 3398 τούτοις.
463 3319 483 3389 ὃ
503 3319 546 3407 μη
568 3321 695 3407 πάθητε
716 3328 782 3387 νῦν
802 3319 909 3406 ὑμεῖς,
930 3321 1007 3408 μηδ’

65 3429 175 3488 οίεσθε
184 3419 292 3504 νόμον
300 3429 453 3488 τοιοῦτον
462 3425 586 3488 θέσθαι
597 3425 685 3505 δεῖν,
696 3417 733 3499 ἀς
743 3427 854 3497 καλῶς
860 3442 896 3486 τε
906 3420 1011 3504 πράν-

102 3516 242 3568 Demosth.
269 3516 329 3569 Vol.
343 3517 379 3569 ΙΙ.
790 3518 809 3567 2
