2318 3894
325 239 469 302 ΚΑΤΑ
497 240 739 304 ΜΕΙΔΙΟῬ.
951 241 1005 305 .⁵1

56 404 136 477 νίας*
161 396 271 465 ἔδει
236 427 294 510 χαρ
312 399 506 505 καταγνόντος
521 428 573 466 του
560 400 687 508 δῆμον
705 401 893 506 δικαστήριον
901 412 1008 505 κρῖναι

57 482 204 567 δεότερον.
237 488 315 548 ἔστιν
326 480 408 549 οὐνδ
423 480 522 566 άγτδν
514 483 607 589 περί
592 484 811 588 υποτιγιῆσεως·
829 482 864 550 οδ
874 484 931 596 γὰρ
941 491 1008 571 περλ

57 593 109 667 τογ
96 568 220 649 μηδὲν
236 562 351 636 άδιιιεῖν
367 563 522 671 ῆΜειδίας
531 565 717 670 άγοινίζετριι,
741 565 816 632 άλλά
826 573 954 670 περὶτοῦ
964 597 1007 634 τι-

57 645 207 761 γιῆγιατος,
228 647 353 753 πότεροη
368 647 509 733 όβρεως”
490 680 508 733 η
521 646 677 733 άσεβείας’
664 678 718 734 οφε
718 657 815 716 ίίλει
784 658 815 716 δί
814 680 878 758 ιιην.
910 650 1009 800 δριιιδς

60 730 141 800 οδνο
130 730 286 818 ’λόγος
250 760 287 816 τη
297 731 408 835 στάσει,
426 735 542 833 τοῦμὲν
553 739 682 799 Μειδίου
693 740 825 817 λέγοντος
834 735 961 846 λίβρινί
933 763 947 801 ε
959 760 1009 800 ναι

59 844 92 884 το
80 813 262 926 πρριχθλν,
261 812 360 896 ἐπειδὴ
371 814 544 919 τετάπτηιιεν
555 815 650 920 όίνδρα
661 819 826 924 ἐλεύθερον,
838 846 889 884 του
876 822 934 884 33
945 830 1008 902 Δη-

59 902 227 985 μοσθένους
244 893 432 981 &afflatam
431 925 466 962 πε
468 896 517 980 ιδῆ
534 897 666 1007 χορηγὸς
672 900 920 1008 ὁτετχιπτηγιίνος
916 906 1010 967 καίὲν

60 987 232 1058 Διονυσίοις
243 1009 294 1045 και
285 985 337 1045 ἐν
353 1008 394 1070 τρι
382 981 543 1093 θεάτρῳ
566 981 666 1047 διὰ
632 1011 689 1068 γαρ
705 984 816 1050 τοότωυ
832 990 882 1050 καί
903 983 1008 1090 ῆσεβη-

59 1072 145 1135 κέναι
161 1062 213 1131 τὸν
223 1070 357 1166 Μειδίαν
371 1047 474 1146 φησίν·
498 1069 536 1140 ὡς
553 1065 627 1131 εἶναι
641 1067 790 1132 διπλοῦν’
774 1097 845 1171 ρρον
855 1096 929 1134 κατα
920 1067 1009 1134 σόλ-

57 1161 161 1256 ληψιν.
184 1175 259 1213 ιιατα
248 1145 418 1258 σόλληψιγ
430 1152 462 1213 δι’
472 1147 592 1250 ἕστιν,”
576 1176 647 1214 οταν
657 1147 708 1259 γιίγ
709 1149 934 1254 ἐκβάλλοντες
906 1179 938 1217 το
949 1149 1008 1217 ὑπὸ

56 1245 118 1300 τῶν
133 1228 337 1296 άντιδίιιων’
312 1229 497 1336 εισαγόγιεηου
513 1230 607 1313 όυογια
624 1237 674 1297 καί
692 1237 790 1337 ἕτερον
801 1231 880 1321 αυτῷ
891 1256 1008 1319 προστι-

56 1325 176 1422 θῶμεν,
195 1313 291 1400 ὥσπερ
302 1310 461 1416 ἕγταῦθα
449 1341 464 1379 ο
477 1319 685 1421 Δηγιοσθένης,
708 1343 759 1380 του
747 1300 900 1382 Μειδίου
912 1322 1009 1401 λέγον-

58 1427 106 1477 τος
115 1397 223 1505 δβριιιί
223 1425 283 1501 ναι,
293 1393 348 1462 υόιι
360 1395 533 1480 ἐκβάλλει
501 1424 555 1479 γιεν
566 1394 675 1463 οὐδὲ
644 1425 699 1481 την
710 1397 813 1485 ν’βριν,
835 1406 1011 1486 προστίθησι

58 1482 139 1550 δὲ’
103 1491 179 1569 αυτῆ
190 1483 240 1546 καί
250 1477 306 1564 τῆν
316 1477 459 1564 άσίβειαν.

457 1620 616 1679 ΑΛΛΩΣ.
1020 1622 1072 1673 510

147 1727 298 1831 Διάφοροι
308 1753 368 1832 παρ
372 1723 598 1833 ’Ἁθηναίους”
579 1756 694 1834 ηγοντο
696 1730 843 1813 ἕορταί,ἒ
842 1756 861 1792 ν
872 1719 947 1803 αλς
927 1757 966 1811 ην
975 1725 1011 1840 τόγ

61 1811 284 1922 Παναθήναια,
306 1810 379 1917 άπερ
390 1805 467 1895 ῆσαν
478 1819 580 1894 διπλᾶ,
603 1813 694 1898 μικρά
704 1840 734 1878 τε
745 1815 793 1878 ιιαλ
812 1810 938 1915 γιεγάλα
962 1816 1012 1877 ιιαλ

62 1893 98 1964 τά
114 1899 168 1980 μὲν
169 1894 340 2005 μεγάλα
308 1923 382 1960 ιιατα
372 1892 600 2002 πενταετηρίδα
612 1901 804 2001 ἐπετελοῦντο,
816 1892 891 1959 κατά
901 1922 1010 1980 τριετη-

62 1985 131 2066 ρίδα
147 1982 179 2044 δὲ
195 2007 231 2044 τα
249 1978 348 2083 γιιιιρά.
382 1980 420 2044 ἐν
429 1990 489 2056 τοῖς
506 1980 640 2090 μεγάλοις
658 1983 690 2045 δὲ
706 1977 854 2064 γυμνάσιά
871 2006 938 2044 τινα
954 1983 1011 2064 ἐγί-

61 2090 166 2145 νοντα,
189 2090 229 2127 ια
229 2059 488 2165 ίπροόβάλλετο’
470 2059 526 2164 αφ’
540 2063 766 2166 ἕκάστηςφυλῆς
781 2063 1011 2147 είςγυγιυασίαρ
1097 2127 1102 2135 ,

62 2175 120 2232 χος,
132 2145 295 2256 λαγιβρίνωυ.
305 2146 435 2250 χρήματα
447 2143 524 2223 είς
497 2174 529 2210 το
540 2147 696 2249 γυμνάζειν
707 2144 774 2222 τοδς
786 2150 940 2247 μέλλοντας
951 2150 1012 2209 ἐπι-

62 2235 176 2297 τελέσαι
192 2227 249 2312 τῆν
261 2227 363 2335 ἕορτῆν
375 2234 425 2294 ναί
437 2226 595 2330 διδόναι
563 2255 614 2330 ιρις
625 2228 737 2293 τούτων
748 2227 881 2303 δαπάνας
891 2254 952 2304 τοις
962 2236 1014 2308 τῆς

63 2311 155 2380 αδτον
141 2321 278 2394 ’.φυλῆς
310 2313 394 2416 ῆγετρ
412 2314 444 2376 33
460 2336 521 2394 παρ
554 2306 651 2374 αὐτῶν
669 2338 720 2374 ναι
732 2338 768 2374 τα
756 2306 940 2412 Διονυσια,
964 2313 1014 2373 καὶ

63 2405 155 2462 ταῦτα
167 2401 272 2472 διπλα,
263 2394 400 2504 γιιιιρά
397 2420 426 2458 τε
438 2421 489 2458 ιαι
480 2391 620 2497 μεγάλα.
654 2396 704 2458 καί
713 2389 750 2458 τά
760 2393 813 2474 γιὲν
823 2388 914 2476 γιιιιρά
930 2391 1015 2477 ῆγετο

64 2507 117 2547 ιιατ
121 2478 224 2585 ’ἔτρς,
239 2506 276 2544 τα
263 2476 319 2543 33
328 2477 458 2583 μεχάλρι
450 2473 500 2543 διά
510 2481 687 2582 τριετηρίδος
698 2479 730 2541 ἐν
739 2486 798 2579 τρίς
810 2485 921 2580 ληνοις,
930 2479 962 2541 ἐν
971 2474 1014 2553 οίς

62 2559 264 2670 πρρδβάλλετο
275 2559 397 2668 χορηγὸς
408 2557 452 2642 άφ
450 2557 593 2665 ’ἕιιάστης
605 2569 700 2643 φυλῆς
710 2556 783 2666 πρῆς
793 2586 826 2624 το
814 2555 956 2644 τρέφειν
966 2585 1013 2664 χρ

65 2674 133 2732 ρους
143 2651 262 2711 παίδοιν
271 2673 302 2710 τε
312 2649 361 2710 καί
372 2641 513 2727 άνδρῶν·
518 2644 704 2750 ἕλάγιβανεδλ
711 2671 843 2751 χρηματα
851 2649 891 2721 εις
899 2671 1014 2747 τροφην

64 2739 123 2796 τῶν
144 2737 199 2795 τοῦ
220 2755 318 2813 χορου.
334 2732 499 2834 ἐπιστάσης
519 2732 611 2810 δὲτῆς
620 2732 731 2832 ἕορτῆς
750 2726 927 2832 ἠγωνίζοντο
942 2726 1015 2812 πρός

65 2810 210 2919 α’λλῆλους
230 2818 261 2878 ολ
275 2815 393 2915 χορηγοί
411 2816 462 2877 καί
479 2809 636 2896 ῆριζον,’
616 2837 728 2916 υμνρυς
745 2807 827 2915 εἰς
799 2837 851 2876 τον
867 2810 1015 2913 Αιόννσρν

69 2895 206 3001 ᾅδοντες,
228 2898 279 2960 καί
298 2922 339 2982 τῳ
355 2903 477 2960 νικῶντι
492 2891 654 2980 τρίπους
626 2922 659 2959 το
670 2884 808 2962 ἆθλον
764 2922 831 3002 ην,
854 2890 992 2976 ἐπειδὴ
964 2920 1015 2958 τον

68 2976 269 3046 αδτδνἨλιον
285 3005 336 3043 ιιαι
326 2974 511 3044 Ἀπόλλωνα
527 2982 577 3043 ιιαί
588 2977 771 3044 Διόνυσον
754 2978 854 3067 ηόοντο.
887 2982 1015 3061 πανομί·

68 3091 120 3168 νης
131 3065 210 3128 33
173 3091 235 3165 της
237 3066 337 3147 ἑορτῆς
348 3066 431 3127 ἐν’
389 3089 429 3150 τηο
441 3061 546 3151 πράτηο
556 3045 893 3166 γιηνίπροῆβάλλοντοοί
898 3066 1017 3168 χορηγρί
1053 3098 1057 3102 ⁴

67 3155 118 3230 τῆς
128 3144 290 3230 μελλούσης
299 3149 406 3249 ἑορτῆς.
428 3151 459 3211 ἐν
469 3152 570 3212 τοίνυν
579 3154 620 3210 τῶ
631 3144 755 3251 παρόντι
767 3172 861 3253 ιριιρῳ
848 3146 1016 3250 προεβλῆ-

68 3240 168 3312 θησαν
179 3235 210 3296 ot
218 3233 364 3314 χορηγοί
350 3227 469 3332 εκάστης
480 3238 585 3312 φυλῆς,
597 3211 731 3308 λσπάνιζε
742 3229 808 3333 333
814 3211 1012 3311 Πανδιονλς,’
996 3259 1016 3312 η

69 3339 119 3416 τρυ
106 3317 273 3418 Δημοσθλ
272 3340 342 3390 νους
351 3309 439 3394 φυλῆ,
447 3322 581 3420 χορηγοῦ,
590 3316 639 3376 καί
627 3310 808 3418 ηγιέλησε
781 3341 813 3379 το
821 3321 937 3417 πρῶτον
946 3317 1016 3416 ἔτρς,

59 3424 100 3463 το
88 3393 405 3484 δευτερον,τοτριτον
418 3401 487 3475 ἔθος
497 3390 555 3463 δε
535 3425 574 3480 ην
582 3421 638 3480 προ
645 3424 736 3481 γιηνος
744 3425 794 3482 της
802 3393 984 3514 ἕορτηςτον
965 3421 1018 3476 αρ

826 3480 866 3543 4*
