2318 3894
129 255 174 319 ⁸38
344 260 404 318 XX.
437 253 853 317 AHMOZOENOPZ

134 421 258 484 λείπειν
282 419 420 495 έτείνοις
439 415 570 500 φήσεις,
600 411 720 480 τούσδε
745 409 766 480 ὃ
786 411 894 497 μόνον
921 415 1076 504 λαβόντες

75 517 262 599 194ἕχουσι,
283 511 375 581 τοῦτ’
387 511 501 598 άφέλη.
533 507 619 590 άςθ’
634 507 876 597 ἁπλῶςείπετν,
896 510 1077 582 οάαείτιλν

134 613 271 680 πάντων
281 611 481 696 άθιιιήσομέν
491 634 565 676 τινα
575 604 597 694 ή
606 613 737 692 μείζονα
747 602 769 694 ή
780 605 957 697 ἐλάττονα,
969 612 1078 681 δεινόν

134 713 234 795 ἐστιν,
246 707 315 776 ἀλλ’
328 713 359 775 εί
368 705 426 786 τὰς
436 705 547 827 τιμάς,
570 701 620 776 αἷς
637 701 682 773 άν
692 702 765 772 ἄντ’
779 698 818 772 εὖ
829 707 1023 793 ποιήσωμέν
1032 734 1078 776 τι-

37 876 39 881 ,
133 833 209 891 νας,
222 804 379 883 άπίστους
395 804 659 889 καταστήσομεν·
682 800 785 870 οὐθ’“
769 830 787 871 o
805 811 958 886 πλεῖστος
972 811 1085 925 ἔμοιγε·

134 904 231 989 λογος
241 906 366 990 περί
327 931 384 992 της
395 901 540 982 ατελειας
550 904 654 985 ἐστὶν,
676 898 745 969 ἀλλ’
757 897 842 988 ὑπὲρ
859 909 921 969 τοῦ
931 902 1077 1025 πονηρὸν

134 1009 212 1081 ἔθος
233 1001 292 1071 τὸν
313 1003 420 1088 νόμον
440 1002 583 1086 εἰσάγειν
600 1000 655 1067 καὶ
670 1007 839 1086 τοιοῦτον,
863 997 903 1066 δι’
920 991 964 1068 οὖ
980 999 1076 1070 πάντ’

132 1101 255 1169 άπιστα
264 1098 355 1170 ὅσαο
346 1098 471 1187 “θήμος
481 1103 618 1166 (λίθωσιν
629 1102 727 1165 ἔσται.

73 1205 125 1260 125
208 1197 270 1268 Ὀν
280 1203 331 1268 τοί
330 1223 395 1266 νυν
407 1195 675 1279 κακουργότατον
690 1204 816 1262 οίονται
827 1194 931 1281 λόγον
942 1192 1079 1284 ευρηιιέ-

132 1325 189 1366 ναι
199 1296 283 1384 πρὸς
297 1295 333 1365 τὸ
345 1294 403 1375 τάς
413 1291 653 1381 άτελείαςάμάς
664 1293 848 1380 ἀφελέσθαι
860 1306 989 1378 πείσαι,
1006 1298 1080 1381 βέλ-

132 1397 206 1464 τιόν
226 1399 294 1464 έστι
317 1408 503 1478 προειπεῖν,
529 1398 585 1461 ἵνα
607 1393 651 1479 μή
675 1391 794 1480 λάθητ’
814 1395 1079 1479 ἐξαπατηθέντες.

133 1492 295 1576 έρουσι
256 1518 320 1578 γαρ
331 1518 382 1558 οτι
391 1487 487 1558 ταυθ
491 1494 600 1579 ίερσῖν
618 1488 746 1557 έστιν“
724 1488 1080 1576 απαντατάναλάματα

33 1589 37 1597 ’
134 1596 183 1672 [αί
190 1595 339 1708 χορηγίαι
349 1573 404 1655 καί
415 1590 451 1654 αλ
458 1605 664 1671 γυμνασιαρχ
665 1591 736 1671 ί·αι]
760 1578 927 1655 θεινόν’
883 1610 963 1671 ουν,
976 1593 1009 1656 εί
1015 1590 1124 1654 τῶν499

133 1691 234 1770 ίερων
245 1683 361 1771 ατελης
370 1711 418 1762 τις
429 1680 642 1769 α’φεθήσεται.
671 1683 735 1804 έγω
747 1683 827 1753 δὲ
792 1711 829 1752 το
847 1689 909 1771 μέν
918 1711 1020 1771 τινας,
1034 1682 1080 1765 οἱς

134 1809 152 1851 ο
142 1782 268 1871 ’θήμος
278 1788 410 1868 ἔθανεν,
418 1780 541 1862 εἰτελείς
553 1781 635 1851 εἶναι
646 1783 775 1852 τούτων
785 1781 943 1853 θίααιονθ
924 1792 1079 1871 ηγοῦμαι,

37 1961 40 1967 .
134 1879 206 1948 ὅδὲ
227 1889 292 1947 νῦν
313 1873 407 1948 οὗτοι
426 1880 633 1969 ποιήσουσιν,
659 1882 719 1950 έάν
740 1880 804 1967 ἄρα
825 1889 930 1949 ταῦτα
950 1885 1096 1968 λέγαση,

88 1976 220 2050 ,ἓίτοῦέ
235 1977 318 2047 εἶναι
329 1977 441 2047 δεινὸν
452 1985 581 2066 νομιζω.
610 1988 641 2050 εί
649 1978 714 2066 γάρ
726 1977 748 2049 ά
759 1978 842 2048 κατὰ
854 1979 964 2067 μηδέν’
979 1981 1080 2050 ἄλλον

134 2083 244 2161 έχουσι
264 2076 390 2160 τρόπον
410 2084 511 2158 δείξαι
522 2084 651 2147 δίκαιον
667 2076 755 2163 ὑμᾶς
765 2078 951 2165 ἀφελέσθαι
957 2131 967 2165 ,
985 2077 1077 2148 ταῦτ’

135 2178 185 2243 ἐπὶ
202 2182 248 2266 τῷ
269 2183 338 2243 τῶν
353 2184 447 2249 θεῶν
456 2176 596 2264 ὀνόματι
606 2191 713 2246 ποιεῖν
724 2182 913 2265 ζητήσουσι,
935 2186 1007 2258 τοῖς
1018 2175 1079 2246 οὐκ

134 2273 458 2367 άσεβέστατονέργον
468 2280 523 2346 καὶ
534 2278 724 2347 δεινότατον
734 2279 909 2362 πράξουσα
931 2276 993 2365 χρή
1005 2274 1078 2362 γάρ,

135 2373 179 2453 τίς
187 2384 271 2460 γοῦν
282 2378 352 2463 ἐμοὶ
363 2382 469 2462 δοκεῖ,
482 2375 544 2443 ὅσα
553 2403 602 2454 τις
613 2377 748 2459 πράττει
758 2374 836 2454 τοὺς
846 2372 950 2453 θεοὺς
961 2378 1080 2459 έπιφη-

134 2479 251 2556 μίζων,
274 2480 409 2538 τοιαάτα
421 2478 602 2555 φαίνεσθαι
614 2469 667 2550 οἷα
684 2472 760 2558 μηδ’
774 2471 817 2541 άν
829 2471 1079 2558 έπ’.άνθρω’πον

134 2570 323 2652 πραχθέντα
335 2566 464 2653 πονηρά
477 2575 605 2654 φανείη.
639 2569 690 2637 ὅτι
702 2569 731 2636 δ’
745 2570 807 2640 οὐκ
819 2578 887 2661 ἔστι
896 2567 1023 2638 ταύτὸν
1033 2575 1080 2637 ίε·

135 2673 205 2748 ροῦν
216 2662 365 2732 άτέλειαν
376 2671 460 2750 ἔχειν
469 2667 525 2734 καὶ
536 2674 761 2754 λειτουργιῶν,
777 2668 845 2739 ἀλλ’
859 2662 952 2740 οὗτοι
963 2669 1001 2738 τὸ
1012 2675 1080 2738 τῶν

133 2759 1081 2855 λειτουργιάνόνομαέπὶτότῶνίερῶνμεταφέροντεςέξα-
1118 2834 1121 2840 .

133 2869 241 2928 πατάν
254 2865 399 2945 ζητοῦσι,
410 2869 582 2950 Λεπτίνην
587 2863 667 2951 ὑμῖν
678 2865 782 2986 αήτόν
793 2866 856 2952 ἐγώ
867 2868 1080 2953 παρασχήσο-

74 2963 123 3017 127
134 2985 192 3043 μαι
201 2983 362 3044 μαρτυρα
395 2961 536 3082 γράφων
553 2961 616 3052 γάρ
631 2962 811 3051 άρχήντοῦ
821 2965 929 3052 νόμον
936 2963 1079 3033 “-Αεπτί

126 3054 295 3175 Ξνηςεῖπί
296 3055 488 3143 ’“φησὶν,
474 3084 563 3139 οπως
573 3089 618 3129 αν
629 3066 663 3129 οἱ
673 3064 913 3132 πλουσιωτατοι
929 3071 1081 3150 λειτουρ-

126 3148 269 3238 “γωσιν,
292 3151 391 3243 άτελή
401 3160 526 3243 μηθένα
544 3158 628 3228 εἶναι
643 3158 731 3253 πλήν
745 3188 814 3229 των
830 3159 877 3246 άφ
876 3158 1081 3247 ’Ἁρμοδίου

130 3247 206 3318 “καὶ
224 3249 521 3339 Ἀριστογείτονοςῖ’
566 3265 671 3325 καίτοι
696 3264 727 3325 εί
745 3252 789 3345 ήν
809 3263 909 3344 ίερῶν
929 3255 1075 3326 άτέλειαι

134 3352 219 3432 ἔχειν
229 3347 328 3416 ταύτὸ
342 3378 397 3420 και
386 3354 640 3472 λειτουργιῶν,
660 3362 694 3422 τί
707 3363 805 3423 τοῦτο
824 3354 945 3422 παθάν
956 3359 1079 3443 προσέ-

134 3462 276 3534 γραψεν;
308 3447 386 3518 οὐδὲ
407 3452 471 3546 γάρ
488 3451 616 3532 τούτοις
635 3450 762 3522 ἀτέλεια
780 3460 879 3539 τῶνγ
878 3452 1080 3539 ’ίεροὸνέστι
