2318 3894
201 238 204 246 '
247 263 392 329 τκτκ
415 263 805 343 Τιμοκνκεοοα
938 261 1000 329 243

58 427 172 512 νόμον
199 423 248 502 οίς
272 428 421 502 ἐναντίος
436 418 485 490 τόν
503 420 650 508 ἐφαίνεθ’
663 420 681 491 ό
695 419 835 490 τούτου·
858 424 912 490 καὶ
922 422 1002 490 τού-

57 551 136 602 τονς
152 522 203 590 ὅτι
221 525 300 608 πρὶν
315 530 414 590 λύσαι
424 520 522 589 τόνδε
539 523 689 589 τέθεικεν
700 523 884 589 ἐπίστασθε.
918 516 1001 586 ἀλλὰ

59 621 125 709 μήν
138 621 188 688 ὅτι
198 618 225 704 γ’
239 618 301 687 ούκ
312 619 508 705 ἐπιτήδειος,
527 617 705 704 ἀκηκόατε·
730 619 808 707 ἀρτι
820 618 884 703 γάρ
895 621 1002 702 λέγων

58 718 262 803 έπανσάμην.
295 716 421 785 ούκούν
437 716 520 784 κατά
537 714 629 784 πάντ’
642 715 750 784 ἀδικεῖ
757 724 926 801 φανερῶς,
948 716 1002 781 καὶ

60 814 160 884 οὐδέν
177 812 246 882 ἔσθ’
260 812 281 881 ό
297 840 329 880 τι
348 821 527 899 φροντίσας
544 812 619 881 οὐδ’
634 812 828 900 εὐλαβηθεὶς
839 807 1001 898 φαίνεται,

60 911 128 982 ἀλλ’
143 920 250 998 ἔμοιγε
262 916 367 997 δοκεῖ,
389 907 499 1013 κάνκεί
508 912 590 996 πρὸς
601 913 728 989 τούτοις
738 910 818 979 ἀλλο
828 910 914 998 τιμή
925 935 1002 979 ποι-

61 1028 110 1080 εῖν
122 1014 299 1096 ἐγέγραπτο
312 1015 347 1077 ἐν
357 1024 425 1086 τοῖς
436 1013 513 1076 ούσι
523 1009 647 1093 νόμοις,
670 1003 735 1087 κάν
745 1017 843 1075 τούτο
856 1017 999 1094 ποιήσαι.

10 1135 51 1185 .10
146 1109 365 1198 Πανταχόθεν
376 1106 660 1192 μὲντοίνννδήλός
671 1102 739 1172 ἐσθ’
749 1104 800 1172 ότι
809 1104 1003 1191 ταῦτ’έγρα·

63 1226 126 1287 μεν
136 1207 389 1293 ἐπιθινλεύσας,
400 1208 456 1272 καί
466 1201 546 1288 μετὰ
564 1211 625 1270 τού
641 1204 891 1289 βουλεύσασθαι
907 1203 1000 1270 ταῦτ’

62 1304 171 1373 ἀδικεῖ
188 1307 244 1373 καὶ
265 1301 307 1371 ού
325 1303 441 1388 μνύμη
459 1298 664 1385 διαμαρτών,
686 1300 825 1386 μάλιστα
842 1299 871 1366 δ’
891 1303 927 1368 ἐκ
943 1311 1005 1369 τοῦ

60 1404 169 1471 πάντα
179 1402 240 1471 τόν
250 1402 356 1488 νόμον
366 1402 459 1486 μέχρι
468 1406 526 1484 τῆς
537 1395 1005 1484 ύστάτηςσολλαβήςτοιούτον

60 1500 160 1568 εἶναι·
183 1498 262 1568 οὐδὲ
280 1497 345 1584 μάρ
358 1493 468 1564 ούδ”’
445 1491 649 1564 ακονούδεν
660 1501 782 1581 έθηκεν
794 1491 906 1578 όρθως
917 1501 1002 1582 ἔχον,

59 1595 170 1667 οὐδ’
148 1625 191 1675 ως
201 1595 282 1682 νμῑν
292 1601 405 1680 εμελλε
416 1594 650 1695 λυσιτελήσειν
681 1599 751 1671 πῶς
767 1584 904 1661 ούνούκ
916 1592 1004 1673 είκός

59 1711 166 1783 μισεῖν
182 1698 236 1762 καί
252 1701 469 1778 τιμωρεῖσθαι
485 1700 605 1759 τούτον
623 1688 713 1770 οστις
733 1699 793 1758 τού
815 1685 881 1777 ’μὲν
896 1692 1004 1777 δήμου

59 1793 261 1913 ήδικημένον
276 1782 456 1877 ήμέλησεν,
480 1788 563 1877 ὑπὲρ
581 1791 617 1859 δὲ
631 1797 700 1858 τεόν
718 1788 928 1876 ἠδικηκότων
947 1794 1003 1859 καὶ

10 1919 30 1967 l
37 1919 48 1968 1
62 1893 201 1971 ὕστερον
213 1887 439 1975 ἀδικησόντων
449 1886 529 1968 τούς
544 1889 669 1974 νόμους
681 1894 818 1974 έθηκεν;
841 1890 1002 1975 θαυμάζω

62 1988 105 2074 δ’,
119 2015 143 2054 ω
133 1981 276 2072 ἀνδρες
286 1990 452 2069 δικασταί,
462 1995 519 2071 τῆς
533 1984 698 2063 ἀναιδείας
714 1984 864 2053 αύτοῦ
830 2012 884 2072 το,
904 1985 1003 2072 ηνίκα

60 2079 340 2172 μένήρχεναύτός
352 2083 417 2168 μετ’
436 2083 684 2166 Ἀνδροτίωνος,
704 2086 762 2151 τόν
779 2091 872 2152 ἔλεον
882 2095 1004 2165 τοῦτον

59 2187 110 2252 ἐπὶ
121 2191 165 2272 τῷ
177 2181 299 2267 πλήθει
310 2191 357 2269 τῷ
368 2178 512 2268 ὑμετέρῳ
523 2181 566 2266 μή
579 2182 796 2267 ποιήσασθαι,
810 2191 857 2270 τῷ
867 2181 1004 2268 ἀπειρη-
1012 2203 1063 2258 735

58 2282 131 2350 κότι
140 2276 179 2345 τά
191 2280 313 2345 ἑαυτοῦ
323 2275 461 2362 χρήματ’
474 2281 676 2361 εἰσφέροντι,
698 2278 807 2364 ἐπειδή
822 2277 853 2346 δ’
865 2279 1004 2364 Ἀνδρο-

57 2388 158 2447 τίωνα
169 2381 234 2443 ἔδει
245 2373 379 2444 ἀπόλαι
396 2373 548 2462 ὑφῄρητο
562 2384 619 2459 τῆς
636 2376 761 2454 πόλεως
776 2375 924 2462 χρήματα
941 2405 1004 2447 κα-

56 2486 218 2556 ταθεῖναι,
229 2473 269 2540 τά
282 2467 442 2558 μὲδίερά,
459 2469 542 2540 τὰδ’
558 2469 649 2558 όοια,
667 2473 740 2541 τότε
750 2477 861 2552 θεόναι
871 2472 933 2543 τόν
944 2476 1004 2544 νό-

56 2599 121 2661 μον
137 2569 427 2662 ἐπῖἀποστερήσει
448 2579 515 2639 τῶν
536 2571 598 2657 μὲν
619 2571 720 2641 ὁσίων
740 2582 798 2661 τῆς
820 2579 1001 2659 διπλασίας,

55 2679 123 2740 τῶν
134 2675 234 2754 ίερύν
245 2669 280 2736 δὲ
290 2677 348 2754 τής
358 2673 586 2751 δεκαπλασίας.
610 2673 664 2740 καὶ
676 2671 763 2739 οὕτω
774 2668 858 2755 πρός
869 2671 905 2740 τό
917 2681 1003 2760 πλή-

56 2782 120 2848 θος
135 2767 172 2836 τό
190 2766 349 2853 ὑμέτερον
375 2770 635 2856 προσενήνεκται
651 2768 669 2838 ὁ
687 2768 804 2841 αὐτίκα
820 2772 908 2859 μύλα
919 2769 1003 2860 ὑπὲρ

18 2870 119 2939 mo&
131 2867 239 2951 δήμου
255 2866 373 2951 φήσων
389 2866 450 2936 τόν
463 2868 570 2954 νόμον
585 2877 704 2938 τοῦτον
714 2880 833 2939 θεῖναι.
870 2876 1003 2950 δικαίως

59 2962 90 3031 δ’
107 2960 149 3030 ἀν
161 2966 231 3048 ἐμοὶ
243 2968 334 3032 δοκεῖ
346 2976 469 3034 παθεῖν
485 2963 617 3051 ὁτιοῦν,
640 2965 729 3046 ὅστις
746 2977 846 3035 οίεται
864 2971 952 3047 δεῖν,
963 3029 965 3033 ,
975 2973 1006 3034 εἰ

57 3067 119 3149 μέν
129 3088 178 3140 τις
193 3059 401 3147 ἀγορανόμος
417 3058 636 3149 ήάστννόμος
651 3059 674 3149 ή
687 3063 839 3150 δικαστής
848 3061 930 3130 κατά
943 3064 1003 3150 δή·

57 3186 141 3246 μους
148 3159 327 3246 γενόμενος
338 3167 462 3246 κλοπής
472 3165 510 3229 ἐν
520 3176 589 3252 ταῖς
599 3160 760 3240 εύθύναις
775 3161 921 3255 ήλοικεν,
940 3163 1003 3231 ἀν-

56 3269 194 3341 θρωπος
216 3262 315 3343 πένης
335 3259 390 3325 καὶ
411 3259 544 3347 ίδιύτης
564 3262 620 3329 καὶ
640 3268 773 3329 πολλῶν
793 3259 927 3347 ἄπειρος
946 3264 1001 3330 καὶ
1040 3303 1043 3307 >

57 3354 229 3442 κληρωτήν
245 3352 349 3441 ἀρχήν
365 3353 484 3442 ἀρξας,
504 3358 610 3447 τούτῳ
629 3357 741 3444 μέν
706 3385 766 3444 την
779 3364 1000 3427 δεκαπλασίαν

58 3453 155 3541 εἶναι,
177 3454 231 3523 καί
248 3450 354 3538 νόμον
369 3452 496 3524 οὐδένα
508 3471 575 3535 τοῖς
585 3456 746 3534 τοιούτοις
757 3453 999 3576 ἑπικήνρούντα

790 3552 822 3605 16
