2318 3894
18 311 20 314 ,
75 338 81 344 ⁸
134 247 198 312 ωε
337 228 879 327 xxv.[AHMO>361‹JNo6z]

95 424 130 480 54
212 406 325 488 ’Ἄξιον
336 404 367 475 δ’
379 407 483 492 ἐστὶν,
501 397 530 473 ω’
534 392 859 492 ἀνδρεςίίθχναίοι,
882 406 986 476 καὶτά
999 405 1084 477 λοίπ’
1117 491 1124 500 „

137 505 295 575 ἀκούσαι·
312 509 433 574 δεινῶν
443 505 507 589 γὰρ
519 501 626 571 ὄντων
637 504 692 571 καὶ
708 501 771 572 ούκ
782 504 925 590 ἐχόντων
936 503 1085 594 ὑπερβο-

138 604 202 692 666
217 596 266 672 ὦν
276 602 440 690 ἠκούσατε
450 601 525 687 ἀρτι
536 603 691 687 λέγοντος
700 602 903 688 Λυκούργου
912 653 921 687 ,
931 602 972 670 τὰ
984 602 1084 671 λοιποὶ

138 703 297 821 ίνάμιίλα
307 699 436 780 τούτοις
446 702 503 818 καὶ
517 707 575 785 τῆς
593 695 697 786 αὐτῆς
711 699 845 786 φύσεως
856 698 1081 785 εὑρεθήσεται.

137 799 221 887 πρὸς
232 796 343 886 μὲν
304 824 368 884 γαρ
385 805 432 884 τῷ
450 794 511 865 τὸν
527 799 651 883 πατέρα
666 800 703 865 ἐν
718 824 764 884 τῳ
752 802 986 889 ’δεσμωτηρίῳ
999 824 1084 883 προ-

138 895 218 976 δούς
235 895 396 965 ἀπελθείν
417 898 450 975 ἐξ
479 894 678 1017 Ἐρετρίας,
690 893 800 981 ὥσπερ
815 892 980 1019 ἠκούσατε
999 901 1084 964 Φαί-
1091 911 1140 968 787

103 989 110 1018 ⁸
137 1000 231 1086 δρου,
243 991 488 1063 ἀποθανόντα
472 1020 490 1061 ο
503 991 624 1082 ἀσεβὴς
635 985 732 1072 ούτος
742 995 797 1062 καὶ
804 1020 921 1081 μιαρος
932 1022 995 1064 ουκ
1001 1001 1084 1064 ἔθα

135 1108 220 1179 ύεν,
243 1087 337 1161 0666
333 1105 409 1172 τοῖς
425 1092 562 1174 θάψασι
570 1091 633 1213 666
653 1092 767 1180 ταφὴν
784 1091 977 1181 ἀπέδωκεν,
999 1093 1083 1163 6666

94 1216 128 1269 55
137 1195 192 1262 καὶ
202 1196 299 1277 δικιχν
310 1187 394 1276 προς
403 1194 527 1277 ἔλαχεν.
549 1216 634 1276 προς
644 1192 680 1260 δὲ
689 1218 735 1279 τῳ
746 1218 804 1279 της
814 1217 937 1279 μητρος
947 1219 991 1279 μη
1002 1217 1084 1260 απε-
1135 1195 1141 1201 ’

138 1287 336 1378 σχῆσθαιτω
346 1303 450 1376 χεῖρε,
468 1288 579 1374 ὥσπερ
597 1289 716 1376 ἀρτίως
733 1286 897 1376 ἠκούσατε
913 1299 981 1357 τῶν
997 1315 1083 1376 μαρ-

138 1391 268 1475 τύρων,
291 1392 347 1458 καὶ
366 1387 429 1475 τὴν
439 1386 591 1477 ἀδελφὴν
600 1391 663 1476 τὴν
673 1390 795 1457 ἑαυτοῦ
805 1387 866 1474 ούχ
877 1383 1083 1474 ὁμοπατρίαν

138 1487 198 1574 μὲν
210 1480 338 1573 οὖσαν,
355 1491 524 1574 θυγατέρα
536 1485 569 1555 δ’
582 1491 708 1573 ἐκείνης
718 1485 933 1574 ὁπωσδήποτε
944 1492 1083 1573 γευομέ-

138 1611 202 1674 νιγν
223 1587 280 1674 (66
301 1584 366 1672 γάρ
387 1593 512 1672 τοῦτο),
537 1580 606 1654 ἀλλ’
618 1582 768 1671 ἀδελφήν
788 1611 842 1673 γε,
866 1581 912 1651 ἐπ’
935 1588 1085 1670 ἐξαγωγῇ

138 1681 346 1769 ἀπέδοτο,”
319 1709 363 1761 ως
381 1705 462 1769 φησι
477 1710 515 1751 το
506 1683 672 1790 ἔγκλημα
683 1691 741 1768 τῆς
733 1679 897 1804 6666966
907 1679 953 1749 ύπ
954 1682 1085 1769 ὲρτού-

135 1807 203 1850 των
214 1787 328 1867 ἔλαχεν
339 1779 431 1871 αύτῳ
442 1777 459 1849 ὁ
470 1779 609 1904 χρηστὸς
620 1769 918 1869 6666669066066c
902 1788 1085 1848 ονύνσυν-
1117 1831 1120 1834 -

95 1877 434 1967 εεαπολογησόμενος.
491 1877 573 1966 πρὸς
594 1879 631 1949 δὲ
650 1878 792 1959 τούτοις
801 1879 964 1958 τοιούτοις
984 1872 1084 1947 ούσιν

135 1971 425 2066 ἕτερονδεινόυ,
397 1981 643 2067 ωγῆκαδθεοδ,
646 1987 778 2066 πρᾶγμ
776 1975 993 2077 ’ἀκούσεσθε
1027 1977 1083 2046 ὅτε

136 2075 201 2163 γὰρ
212 2102 249 2144 το
239 2075 487 2165 δεσμωτήριον
497 2077 654 2168 διορύξας
664 2075 807 2163 ἀπέδρα,
832 2076 907 2144 τότε
924 2066 1008 2196 6669
1018 2102 1083 2160 γυ-

61 2237 65 2242 ,
137 2173 236 2242 ναίκά
247 2200 300 2243 τιν
297 2171 444 2260 ’ἔρχεται
454 2173 618 2263 Ζωβίαν”
598 2195 713 2262 ονομα,
725 2201 747 2264 χ
735 2168 985 2261 τ’έτύγχανεκ
961 2200 1005 2252 ως
1016 2178 1085 2240 έοι-
1104 2199 1106 2203 ·
1132 2196 1135 2201 ·

25 2259 42 2281 “
137 2298 186 2360 κε,
202 2275 409 2395 κεχρχμένος
428 2275 523 2343 ποτέ·
556 2277 612 2343 καὶ
632 2273 772 2394 κρύπτει
791 2276 846 2342 καὶ
862 2271 1060 2353 διασωζει
1023 2299 1083 2352 τας

138 2397 269 2456 πρωιας
280 2368 404 2459 ἡμέρας
414 2365 519 2441 αύτόν
530 2370 699 2460 ἐκείνη,
676 2373 859 2460 αςέζήτουν
875 2373 930 2439 καὶ
943 2371 1083 2494 ἐκήρυτ-

137 2495 196 2536 τον
214 2472 248 2536 οί
263 2470 398 2556 ἕνδεκα,
420 2473 476 2539 καὶ
492 2469 572 2557 μετὰ
589 2481 692 2540 ταῦτα
710 2476 816 2540 δοῦσα
832 2467 1013 2556 δραχμάς’
994 2467 1082 2538 οκτω

122 2567 275 2650 ’ἐφόδιον
285 2569 340 2636 καὶ
349 2576 545 2655 χιτωνίσκον
555 2575 611 2639 καὶ
622 2571 753 2657 ίμάτιον
763 2573 982 2656 ἐξέπεμψευεί
981 2572 1084 2648 ςΜέ-

96 2685 232 2748 ςγγαρα.
266 2665 390 2752 ταύτην
406 2666 469 2754 τὴν
486 2666 680 2755 ἄνθρωπον,
697 2671 759 2757 τήν
768 2667 894 2758 τοιαῦτ’
909 2667 1084 2754 εύεργετή-

139 2781 246 2828 σαοαυ
257 2760 376 2848 αύτόν,
399 2761 444 2842 69
460 2765 565 2844 πολύς
575 2764 649 2851 παρ’
663 2764 744 2850 ύμῖν
754 2770 844 2832 ἔπνει
855 2766 909 2840 καὶ
920 2765 1080 2851 λαμπρὸς,

138 2862 353 2949 μεμφομένην
384 2887 416 2928 τι
441 2864 497 2930 καὶ
523 2862 653 2930 τούτων
680 2861 1000 2951 ὑπομιμνήσκουσαν
1026 2868 1083 2934 καὶ

138 2957 299 3040 ἀξιοῦσαν
310 2952 349 3027 εὖ
360 2969 482 3029 παθείυ
498 2957 535 3030 τὸ
552 2963 614 3047 μὲν
625 2969 758 3046 πρῶτον
770 2965 909 3049 ῥαπίσας
920 2967 975 3032 καὶ
986 2961 1084 3030 ἀπει-

138 3056 241 3143 λήσας
253 3053 443 3144 ἀπέπεμψεν
452 3055 518 3127 ἀπὸ
530 3067 587 3146 τῆς
598 3064 716 3144 οἰκίας,
730 3058 773 3139 ὡς
784 3059 814 3128 δ’
829 3060 891 3129 ούκ
903 3061 1046 3130 ἐπαύετο
1059 3058 1081 3147 6

138 3156 327 3280 ἄνθρωπος,
345 3155 428 3226 ἀλλά
439 3165 580 3244 γυναίου
591 3165 732 3249 πρᾶγμ
701 3157 825 3227 ἐποίει
835 3163 890 3228 καὶ
906 3184 991 3244 προς
1001 3185 1082 3240 τους

136 3259 325 3371 γνωρίμους
340 3261 527 3374 πρρσιούσα
543 3257 708 3342 ένεκύλει,
731 3256 844 3344 λαβών
859 3256 958 3382 66669
979 3257 1083 3328 αύτο-

136 3358 241 3440 χειρία
258 3347 343 3437 πρὸς
361 3352 398 3420 τδ
422 3355 630 3476 πωλιχτήριον
649 3381 710 3422 του
697 3358 933 3442 μετοικίου’
915 3358 1081 3445 απήγαγε·

73 3449 75 3455 ’
138 3455 194 3520 καὶ
204 3458 235 3520 εί
243 3449 287 3539 μὴ
299 3458 452 3539 κειμενου
463 3479 547 3544 αυιχ
558 3480 595 3525 το
584 3450 773 3541 μετοίκιον
783 3460 913 3541 ἔτυχεν
930 3451 1080 3538 ἐπέπρατ’
1142 3542 1145 3551 Ι
