<?xml version="1.0" encoding="UTF-8"?>
<!DOCTYPE html PUBLIC "-//W3C//DTD XHTML 1.0 Transitional//EN"
    "http://www.w3.org/TR/xhtml1/DTD/xhtml1-transitional.dtd">
<html xmlns="http://www.w3.org/1999/xhtml" xml:lang="en" lang="en">
 <head>
  <title>
</title>
<meta http-equiv="Content-Type" content="text/html;charset=utf-8" />
  <meta name='ocr-system' content='tesseract 3.04.00' />
  <meta name='ocr-capabilities' content='ocr_page ocr_carea ocr_par ocr_line ocrx_word'/>
</head>
<body>
  <div class='ocr_page' id='page_1' title='image "./orationesexrece00demogoog_0094.png"; bbox 0 0 2318 3894; ppageno 0'>
   <div class='ocr_carea' id='block_1_1' title="bbox 254 183 1049 300">
    <p class='ocr_par' dir='ltr' id='par_1_1' title="bbox 254 183 1049 300">
     <span class='ocr_line' id='line_1_1' title="bbox 254 183 1049 300; baseline 0.003 -15"><span class='ocrx_word' id='word_1_1' title='bbox 254 184 262 195; x_wconf 80' lang='grc'>’</span> <span class='ocrx_word' id='word_1_2' title='bbox 357 183 502 285; x_wconf 69' lang='grc' dir='ltr'><em>ΚΑΤΑ</em></span> <span class='ocrx_word' id='word_1_3' title='bbox 537 223 781 287; x_wconf 71' lang='grc' dir='ltr'><strong><em>Μεικιου.</em></strong></span> <span class='ocrx_word' id='word_1_4' title='bbox 1006 221 1049 300; x_wconf 64' lang='grc'><strong><em>87,</em></strong></span> 
     </span>
    </p>
   </div>
   <div class='ocr_carea' id='block_1_2' title="bbox 40 378 1082 2137">
    <p class='ocr_par' dir='ltr' id='par_1_2' title="bbox 93 378 1046 864">
     <span class='ocr_line' id='line_1_2' title="bbox 100 378 1046 494; baseline -0.003 -40"><span class='ocrx_word' id='word_1_5' title='bbox 100 410 270 454; x_wconf 86' lang='grc' dir='ltr'><strong><em>τοναυτον</em></strong></span> <span class='ocrx_word' id='word_1_6' title='bbox 280 384 335 451; x_wconf 80' lang='grc' dir='ltr'><strong><em>καὶ</em></strong></span> <span class='ocrx_word' id='word_1_7' title='bbox 347 382 595 469; x_wconf 77' lang='grc' dir='ltr'><strong><em>καταρξαμενον</em></strong></span> <span class='ocrx_word' id='word_1_8' title='bbox 604 406 674 450; x_wconf 88' lang='grc' dir='ltr'><strong><em>των</em></strong></span> <span class='ocrx_word' id='word_1_9' title='bbox 685 387 794 465; x_wconf 86' lang='grc' dir='ltr'><strong><em>ἰερων</em></strong></span> <span class='ocrx_word' id='word_1_10' title='bbox 828 378 883 469; x_wconf 85' lang='grc' dir='ltr'><strong><em>ἀρ’</em></strong></span> <span class='ocrx_word' id='word_1_11' title='bbox 897 379 957 471; x_wconf 72' lang='grc' dir='ltr'><strong><em>ἀν,</em></strong></span> <span class='ocrx_word' id='word_1_12' title='bbox 972 383 1046 451; x_wconf 87' lang='grc' dir='ltr'><strong><em>εῖ</em></strong></span> <span class='ocrx_word' id='word_1_13' title='bbox 1011 410 1043 494; x_wconf 96' lang='grc' dir='ltr'><strong><em>γ</em></strong></span> 
     </span>
     <span class='ocr_line' id='line_1_3' title="bbox 98 466 1043 603; baseline -0.002 -53"><span class='ocrx_word' id='word_1_14' title='bbox 98 482 157 569; x_wconf 79' lang='grc' dir='ltr'><strong><em>εἶχε</em></strong></span> <span class='ocrx_word' id='word_1_15' title='bbox 179 503 323 603; x_wconf 84' lang='grc' dir='ltr'><strong><em>στνγμην</em></strong></span> <span class='ocrx_word' id='word_1_16' title='bbox 341 477 363 568; x_wconf 80' lang='grc' dir='ltr'><em>ἢ</em></span> <span class='ocrx_word' id='word_1_17' title='bbox 382 479 481 549; x_wconf 89' lang='grc' dir='ltr'><strong><em>σκιάν</em></strong></span> <span class='ocrx_word' id='word_1_18' title='bbox 502 479 631 548; x_wconf 89' lang='grc' dir='ltr'><strong><em>τούτων</em></strong></span> <span class='ocrx_word' id='word_1_19' title='bbox 653 507 712 547; x_wconf 93' lang='grc' dir='ltr'><strong><em>ωυ.</em></strong></span> <span class='ocrx_word' id='word_1_20' title='bbox 728 482 944 561; x_wconf 76' lang='grc' dir='ltr'><strong><em>κατεσκεύαζε</em></strong></span> <span class='ocrx_word' id='word_1_21' title='bbox 970 466 1043 548; x_wconf 82' lang='grc' dir='ltr'><strong><em>κατ’</em></strong></span> 
     </span>
     <span class='ocr_line' id='line_1_4' title="bbox 98 575 1047 666; baseline -0.002 -18"><span class='ocrx_word' id='word_1_22' title='bbox 98 583 186 665; x_wconf 75' lang='grc' dir='ltr'><strong><em>ἐμοῦ,</em></strong></span> <span class='ocrx_word' id='word_1_23' title='bbox 199 576 288 647; x_wconf 83' lang='grc' dir='ltr'><strong><em>ταῦτ’</em></strong></span> <span class='ocrx_word' id='word_1_24' title='bbox 301 578 344 646; x_wconf 86' lang='grc' dir='ltr'><strong><em>ἀν</em></strong></span> <span class='ocrx_word' id='word_1_25' title='bbox 355 588 481 647; x_wconf 86' lang='grc' dir='ltr'><strong><em>εῖασεν·</em></strong></span> <span class='ocrx_word' id='word_1_26' title='bbox 472 578 559 662; x_wconf 70' lang='grc' dir='ltr'><strong><em>,έγσδ</em></strong></span> <span class='ocrx_word' id='word_1_27' title='bbox 571 575 683 664; x_wconf 74' lang='grc' dir='ltr'><strong><em>μέν’</em></strong></span> <span class='ocrx_word' id='word_1_28' title='bbox 644 605 706 646; x_wconf 90' lang='grc' dir='ltr'><strong><em>ουκ</em></strong></span> <span class='ocrx_word' id='word_1_29' title='bbox 718 577 816 666; x_wconf 75' lang='grc' dir='ltr'><strong><em>οἶμαι.</em></strong></span> <span class='ocrx_word' id='word_1_30' title='bbox 840 577 1047 648; x_wconf 85' lang='grc' dir='ltr'><strong><em>ούκούνε-</em></strong></span> <span class='ocrx_word' id='word_1_31' title='bbox 977 582 1047 658; x_wconf 86' lang='grc' dir='ltr'><strong><em>έξε-</em></strong></span> 
     </span>
     <span class='ocr_line' id='line_1_5' title="bbox 96 674 1045 766; baseline 0 -22"><span class='ocrx_word' id='word_1_32' title='bbox 96 684 241 764; x_wconf 88' lang='grc' dir='ltr'><strong><em>λεγχεται</em></strong></span> <span class='ocrx_word' id='word_1_33' title='bbox 251 703 382 756; x_wconf 76' lang='grc' dir='ltr'><strong><em>τούτοις</em></strong></span> <span class='ocrx_word' id='word_1_34' title='bbox 391 681 538 765; x_wconf 89' lang='grc' dir='ltr'><strong><em>έναργως</em></strong></span> <span class='ocrx_word' id='word_1_35' title='bbox 548 674 672 764; x_wconf 83' lang='grc' dir='ltr'><strong><em>υβρει</em></strong></span> <span class='ocrx_word' id='word_1_36' title='bbox 672 704 762 764; x_wconf 90' lang='grc' dir='ltr'><strong><em>ητων</em></strong></span> <span class='ocrx_word' id='word_1_37' title='bbox 772 704 812 766; x_wconf 84' lang='grc' dir='ltr'><strong><em>με</em></strong></span> <span class='ocrx_word' id='word_1_38' title='bbox 822 679 996 766; x_wconf 83' lang='grc' dir='ltr'><strong><em>έκβαλλειν</em></strong></span> <span class='ocrx_word' id='word_1_39' title='bbox 1008 679 1045 745; x_wconf 85' lang='grc' dir='ltr'><strong><em>ἰκ</em></strong></span> 
     </span>
     <span class='ocr_line' id='line_1_6' title="bbox 93 781 331 864; baseline -0.013 -20"><span class='ocrx_word' id='word_1_40' title='bbox 93 781 331 864; x_wconf 77' lang='grc' dir='ltr'><strong><em>τῆςπατρίδος.</em></strong></span> 
     </span>
    </p>

    <p class='ocr_par' dir='ltr' id='par_1_3' title="bbox 50 873 1043 1158">
     <span class='ocr_line' id='line_1_7' title="bbox 50 873 1043 962; baseline 0.003 -20"><span class='ocrx_word' id='word_1_41' title='bbox 50 889 87 944; x_wconf 84' lang='lat'><strong><em>116</em></strong></span> <span class='ocrx_word' id='word_1_42' title='bbox 172 873 303 962; x_wconf 73' lang='grc' dir='ltr'><strong><em>Ἐπειδὴ</em></strong></span> <span class='ocrx_word' id='word_1_43' title='bbox 327 881 443 943; x_wconf 81' lang='grc' dir='ltr'><strong><em>τοίνυν</em></strong></span> <span class='ocrx_word' id='word_1_44' title='bbox 458 883 562 943; x_wconf 81' lang='grc' dir='ltr'><strong><em>τοῦτο</em></strong></span> <span class='ocrx_word' id='word_1_45' title='bbox 584 873 622 941; x_wconf 85' lang='grc' dir='ltr'><strong><em>τὰ</em></strong></span> <span class='ocrx_word' id='word_1_46' title='bbox 643 884 777 962; x_wconf 77' lang='grc' dir='ltr'><strong><em>πρᾶγμα</em></strong></span> <span class='ocrx_word' id='word_1_47' title='bbox 800 875 877 943; x_wconf 75' lang='grc' dir='ltr'><strong><em>οὐδὲ</em></strong></span> <span class='ocrx_word' id='word_1_48' title='bbox 898 875 981 944; x_wconf 88' lang='grc' dir='ltr'><strong><em>καθ’</em></strong></span> <span class='ocrx_word' id='word_1_49' title='bbox 1005 880 1043 945; x_wconf 76' lang='grc' dir='ltr'><strong><em>ἓν</em></strong></span> 
     </span>
     <span class='ocr_line' id='line_1_8' title="bbox 93 966 1042 1091; baseline 0.002 -52"><span class='ocrx_word' id='word_1_50' title='bbox 93 981 244 1059; x_wconf 79' lang='grc' dir='ltr'><strong><em>πανταχῆ</em></strong></span> <span class='ocrx_word' id='word_1_51' title='bbox 255 977 409 1091; x_wconf 78' lang='grc' dir='ltr'><strong><em>στρέφων</em></strong></span> <span class='ocrx_word' id='word_1_52' title='bbox 419 968 490 1051; x_wconf 77' lang='grc' dir='ltr'><strong><em>οἰός</em></strong></span> <span class='ocrx_word' id='word_1_53' title='bbox 501 971 532 1040; x_wconf 91' lang='grc' dir='ltr'><strong><em>τ’</em></strong></span> <span class='ocrx_word' id='word_1_54' title='bbox 546 966 590 1058; x_wconf 79' lang='grc' dir='ltr'><strong><em>ἦν</em></strong></span> <span class='ocrx_word' id='word_1_55' title='bbox 601 971 717 1058; x_wconf 88' lang='grc' dir='ltr'><strong><em>ἀγαγεῖ</em></strong></span> <span class='ocrx_word' id='word_1_56' title='bbox 715 1000 735 1040; x_wconf 91' lang='grc' dir='ltr'><strong><em>ν</em></strong></span> <span class='ocrx_word' id='word_1_57' title='bbox 704 971 797 1042; x_wconf 87' lang='grc' dir='ltr'><strong><em>ῖέπ’</em></strong></span> <span class='ocrx_word' id='word_1_58' title='bbox 811 975 876 1061; x_wconf 72' lang='grc' dir='ltr'><strong><em>ἐμὲ,</em></strong></span> <span class='ocrx_word' id='word_1_59' title='bbox 890 982 1042 1060; x_wconf 76' lang='grc' dir='ltr'><strong><em>φανερῶς</em></strong></span> 
     </span>
     <span class='ocr_line' id='line_1_9' title="bbox 91 1067 1042 1158; baseline 0.004 -22"><span class='ocrx_word' id='word_1_60' title='bbox 91 1068 153 1156; x_wconf 77' lang='grc' dir='ltr'><strong><em>ἤδη</em></strong></span> <span class='ocrx_word' id='word_1_61' title='bbox 166 1067 212 1137; x_wconf 88' lang='grc' dir='ltr'><strong><em>δι’</em></strong></span> <span class='ocrx_word' id='word_1_62' title='bbox 225 1067 351 1155; x_wconf 86' lang='grc' dir='ltr'><strong><em>έμού</em></strong></span> <span class='ocrx_word' id='word_1_63' title='bbox 318 1096 378 1139; x_wconf 91' lang='grc' dir='ltr'><strong><em>τον</em></strong></span> <span class='ocrx_word' id='word_1_64' title='bbox 386 1068 834 1158; x_wconf 78' lang='grc' dir='ltr'><strong><em>Ἀρίσταρχονέσυκοφάντει</em></strong></span> <span class='ocrx_word' id='word_1_65' title='bbox 866 1075 920 1140; x_wconf 81' lang='grc' dir='ltr'><strong><em>καὶ</em></strong></span> <span class='ocrx_word' id='word_1_66' title='bbox 930 1101 969 1140; x_wconf 91' lang='grc' dir='ltr'><strong><em>τα</em></strong></span> <span class='ocrx_word' id='word_1_67' title='bbox 959 1072 1042 1157; x_wconf 71' lang='grc' dir='ltr'><strong><em>μὲν</em></strong></span> 
     </span>
    </p>

    <p class='ocr_par' dir='ltr' id='par_1_4' title="bbox 72 1157 1082 1646">
     <span class='ocr_line' id='line_1_10' title="bbox 72 1157 1043 1289; baseline -0.001 -54"><span class='ocrx_word' id='word_1_68' title='bbox 72 1157 175 1236; x_wconf 76' lang='grc' dir='ltr'><strong><em>’ἀλλα</em></strong></span> <span class='ocrx_word' id='word_1_69' title='bbox 191 1174 322 1236; x_wconf 84' lang='grc' dir='ltr'><strong><em>σιωπῶ</em></strong></span> <span class='ocrx_word' id='word_1_70' title='bbox 342 1168 454 1255; x_wconf 75' lang='grc' dir='ltr'><strong><em>τῆςδε</em></strong></span> <span class='ocrx_word' id='word_1_71' title='bbox 469 1174 592 1254; x_wconf 81' lang='grc' dir='ltr'><strong><em>βουλῆς</em></strong></span> <span class='ocrx_word' id='word_1_72' title='bbox 609 1172 683 1253; x_wconf 80' lang='grc' dir='ltr'><strong><em>περὶ</em></strong></span> <span class='ocrx_word' id='word_1_73' title='bbox 699 1170 829 1238; x_wconf 91' lang='grc' dir='ltr'><strong><em>τούτων</em></strong></span> <span class='ocrx_word' id='word_1_74' title='bbox 853 1171 1043 1289; x_wconf 72' lang='grc' dir='ltr'><strong><em>καθημένης</em></strong></span> 
     </span>
     <span class='ocr_line' id='line_1_11' title="bbox 92 1256 1041 1351; baseline 0.001 -19"><span class='ocrx_word' id='word_1_75' title='bbox 92 1269 145 1332; x_wconf 74' lang='grc' dir='ltr'><strong><em>καὶ</em></strong></span> <span class='ocrx_word' id='word_1_76' title='bbox 155 1267 403 1351; x_wconf 78' lang='grc' dir='ltr'><strong><em>σκοπουμένης,</em></strong></span> <span class='ocrx_word' id='word_1_77' title='bbox 426 1264 607 1348; x_wconf 85' lang='grc' dir='ltr'><strong><em>παρελθων</em></strong></span> <span class='ocrx_word' id='word_1_78' title='bbox 618 1292 716 1344; x_wconf 89' lang='grc' dir='ltr'><strong><em>ουτος</em></strong></span> <span class='ocrx_word' id='word_1_79' title='bbox 732 1264 882 1350; x_wconf 59' lang='grc' dir='ltr'><strong><em>’ἀγνοεῖτ’</em></strong></span> <span class='ocrx_word' id='word_1_80' title='bbox 893 1262 1010 1350; x_wconf 80' lang='grc' dir='ltr'><strong><em>”“ἰφη</em></strong></span> <span class='ocrx_word' id='word_1_81' title='bbox 1014 1256 1041 1334; x_wconf 78' lang='grc' dir='ltr'><strong><em>ω</em></strong></span> 
     </span>
     <span class='ocr_line' id='line_1_12' title="bbox 86 1359 1042 1450; baseline 0.002 -22"><span class='ocrx_word' id='word_1_82' title='bbox 86 1359 280 1448; x_wconf 59' lang='lat' dir='ltr'><strong><em>‘flammo</em></strong></span> <span class='ocrx_word' id='word_1_83' title='bbox 291 1386 441 1447; x_wconf 87' lang='grc' dir='ltr'><strong><em>πραγμα</em></strong></span> <span class='ocrx_word' id='word_1_84' title='bbox 460 1361 559 1430; x_wconf 88' lang='grc' dir='ltr'><strong><em>καὶ</em></strong></span> <span class='ocrx_word' id='word_1_85' title='bbox 525 1389 585 1431; x_wconf 92' lang='grc' dir='ltr'><strong><em>τον</em></strong></span> <span class='ocrx_word' id='word_1_86' title='bbox 595 1389 768 1450; x_wconf 87' lang='grc' dir='ltr'><strong><em>αυτοχειρα</em></strong></span> <span class='ocrx_word' id='word_1_87' title='bbox 781 1359 923 1449; x_wconf 83' lang='grc' dir='ltr'><strong><em>ἔχοντες”</em></strong></span> <span class='ocrx_word' id='word_1_88' title='bbox 935 1369 1042 1447; x_wconf 85' lang='grc' dir='ltr'><strong><em>λέγων</em></strong></span> 
     </span>
     <span class='ocr_line' id='line_1_13' title="bbox 90 1456 1082 1551; baseline 0.002 -24"><span class='ocrx_word' id='word_1_89' title='bbox 90 1458 149 1527; x_wconf 83' lang='grc' dir='ltr'><strong><em>τδν</em></strong></span> <span class='ocrx_word' id='word_1_90' title='bbox 155 1456 391 1547; x_wconf 74' lang='grc' dir='ltr'><strong><em>Ἀρίσταρχον</em></strong></span> <span class='ocrx_word' id='word_1_91' title='bbox 392 1457 538 1545; x_wconf 79' lang='grc' dir='ltr'><strong><em>μέλλετε</em></strong></span> <span class='ocrx_word' id='word_1_92' title='bbox 555 1463 610 1529; x_wconf 80' lang='grc' dir='ltr'><strong><em>καὶ</em></strong></span> <span class='ocrx_word' id='word_1_93' title='bbox 630 1467 747 1546; x_wconf 77' lang='grc' dir='ltr'><strong><em>ζητεῖτε</em></strong></span> <span class='ocrx_word' id='word_1_94' title='bbox 764 1462 1040 1546; x_wconf 83' lang='grc' dir='ltr'><strong><em>καίτετύφωσθε;</em></strong></span> <span class='ocrx_word' id='word_1_95' title='bbox 1072 1531 1082 1551; x_wconf 30' lang='grc' dir='ltr'><strong><em>Ι,</em></strong></span> 
     </span>
     <span class='ocr_line' id='line_1_14' title="bbox 83 1554 1040 1646; baseline 0.002 -20.047"><span class='ocrx_word' id='word_1_96' title='bbox 83 1554 406 1639; x_wconf 81' lang='grc' dir='ltr'><strong><em>“ούκάποκτενεῖτε;</em></strong></span> <span class='ocrx_word' id='word_1_97' title='bbox 429 1557 490 1626; x_wconf 85' lang='grc' dir='ltr'><strong><em>οὐκ</em></strong></span> <span class='ocrx_word' id='word_1_98' title='bbox 505 1556 602 1626; x_wconf 80' lang='grc' dir='ltr'><strong><em>επὶ</em></strong></span> <span class='ocrx_word' id='word_1_99' title='bbox 566 1586 655 1646; x_wconf 92' lang='grc' dir='ltr'><strong><em>τηνο</em></strong></span> <span class='ocrx_word' id='word_1_100' title='bbox 657 1565 745 1627; x_wconf 91' lang='grc' dir='ltr'><strong><em>κιαν</em></strong></span> <span class='ocrx_word' id='word_1_101' title='bbox 754 1563 943 1646; x_wconf 83' lang='grc' dir='ltr'><strong><em>βαδιεῖσθε</em></strong></span> <span class='ocrx_word' id='word_1_102' title='bbox 966 1556 1040 1645; x_wconf 85' lang='grc' dir='ltr'><strong><em>ούχί</em></strong></span> 
     </span>
    </p>

    <p class='ocr_par' dir='ltr' id='par_1_5' title="bbox 40 1652 1041 2137">
     <span class='ocr_line' id='line_1_15' title="bbox 40 1652 1040 1745; baseline 0.002 -22"><span class='ocrx_word' id='word_1_103' title='bbox 40 1652 103 1714; x_wconf 78' lang='grc'><strong><em>117“</em></strong></span> <span class='ocrx_word' id='word_1_104' title='bbox 105 1654 355 1742; x_wconf 69' lang='grc' dir='ltr'><strong><em>συλλήψεσθεέ’</em></strong></span> <span class='ocrx_word' id='word_1_105' title='bbox 377 1659 432 1724; x_wconf 79' lang='grc' dir='ltr'><strong><em>καὶ</em></strong></span> <span class='ocrx_word' id='word_1_106' title='bbox 449 1665 531 1725; x_wconf 82' lang='grc' dir='ltr'><strong><em>ταῦτ</em></strong></span> <span class='ocrx_word' id='word_1_107' title='bbox 534 1655 709 1742; x_wconf 66' lang='grc' dir='ltr'><strong><em>’έλεγεν’</em></strong></span> <span class='ocrx_word' id='word_1_108' title='bbox 690 1681 825 1745; x_wconf 90' lang='grc' dir='ltr'><strong><em>ημιαρα</em></strong></span> <span class='ocrx_word' id='word_1_109' title='bbox 813 1657 890 1727; x_wconf 80' lang='grc' dir='ltr'><strong><em>καί</em></strong></span> <span class='ocrx_word' id='word_1_110' title='bbox 902 1655 1040 1745; x_wconf 89' lang='grc' dir='ltr'><strong><em>ἀναιδης</em></strong></span> 
     </span>
     <span class='ocr_line' id='line_1_16' title="bbox 55 1752 1041 1846; baseline 0.002 -25.069"><span class='ocrx_word' id='word_1_111' title='bbox 55 1753 172 1840; x_wconf 79' lang='grc' dir='ltr'><strong><em>αὕτη</em></strong></span> <span class='ocrx_word' id='word_1_112' title='bbox 185 1752 314 1840; x_wconf 89' lang='grc' dir='ltr'><strong><em>κεφαλη</em></strong></span> <span class='ocrx_word' id='word_1_113' title='bbox 327 1755 531 1841; x_wconf 79' lang='grc' dir='ltr'><strong><em>ἐξεληλυθάς</em></strong></span> <span class='ocrx_word' id='word_1_114' title='bbox 541 1783 580 1845; x_wconf 90' lang='grc' dir='ltr'><strong><em>τη</em></strong></span> <span class='ocrx_word' id='word_1_115' title='bbox 566 1763 769 1846; x_wconf 74' lang='grc' dir='ltr'><strong><em>προτεραίᾳ</em></strong></span> <span class='ocrx_word' id='word_1_116' title='bbox 779 1781 846 1844; x_wconf 91' lang='grc' dir='ltr'><strong><em>παρ</em></strong></span> <span class='ocrx_word' id='word_1_117' title='bbox 849 1755 1041 1843; x_wconf 76' lang='grc' dir='ltr'><strong><em>Ἀριστάρ·</em></strong></span> 
     </span>
     <span class='ocr_line' id='line_1_17' title="bbox 88 1850 1040 1970; baseline 0.001 -50"><span class='ocrx_word' id='word_1_118' title='bbox 88 1855 166 1970; x_wconf 71' lang='grc' dir='ltr'><strong><em>χού,</em></strong></span> <span class='ocrx_word' id='word_1_119' title='bbox 186 1854 243 1919; x_wconf 83' lang='grc' dir='ltr'><strong><em>καλ</em></strong></span> <span class='ocrx_word' id='word_1_120' title='bbox 260 1851 428 1938; x_wconf 76' lang='grc' dir='ltr'><strong><em>χρώμενος</em></strong></span> <span class='ocrx_word' id='word_1_121' title='bbox 444 1852 553 1938; x_wconf 74' lang='grc' dir='ltr'><strong><em>ὥσπερ</em></strong></span> <span class='ocrx_word' id='word_1_122' title='bbox 571 1850 615 1922; x_wconf 88' lang='grc' dir='ltr'><strong><em>ἀν</em></strong></span> <span class='ocrx_word' id='word_1_123' title='bbox 631 1853 731 1934; x_wconf 87' lang='grc' dir='ltr'><strong><em>ἀλλος</em></strong></span> <span class='ocrx_word' id='word_1_124' title='bbox 747 1881 795 1934; x_wconf 89' lang='grc' dir='ltr'><strong><em>τις</em></strong></span> <span class='ocrx_word' id='word_1_125' title='bbox 813 1853 905 1945; x_wconf 76' lang='grc' dir='ltr'><strong><em>αύτῷ</em></strong></span> <span class='ocrx_word' id='word_1_126' title='bbox 922 1851 962 1921; x_wconf 87' lang='grc' dir='ltr'><strong><em>τά</em></strong></span> <span class='ocrx_word' id='word_1_127' title='bbox 974 1851 1040 1937; x_wconf 87' lang='grc' dir='ltr'><strong><em>πρδ</em></strong></span> 
     </span>
     <span class='ocr_line' id='line_1_18' title="bbox 88 1947 1040 2039; baseline 0.003 -23"><span class='ocrx_word' id='word_1_128' title='bbox 88 1948 228 2032; x_wconf 85' lang='grc' dir='ltr'><strong><em>τούτου,</em></strong></span> <span class='ocrx_word' id='word_1_129' title='bbox 239 1948 350 2035; x_wconf 73' lang='grc' dir='ltr'><strong><em>καί,”</em></strong></span> <span class='ocrx_word' id='word_1_130' title='bbox 329 1947 380 2016; x_wconf 77' lang='grc' dir='ltr'><strong><em>ον’</em></strong></span> <span class='ocrx_word' id='word_1_131' title='bbox 389 1948 539 2037; x_wconf 81' lang='grc' dir='ltr'><strong><em>ηὐτύχει,</em></strong></span> <span class='ocrx_word' id='word_1_132' title='bbox 557 1953 1040 2039; x_wconf 82' lang='grc' dir='ltr'><strong><em>πλεῖσταπαρεσχηκότοςίκεί-</em></strong></span> 
     </span>
     <span class='ocr_line' id='line_1_19' title="bbox 88 2045 1038 2137; baseline 0.004 -25"><span class='ocrx_word' id='word_1_133' title='bbox 88 2073 150 2114; x_wconf 89' lang='grc' dir='ltr'><strong><em>νου</em></strong></span> <span class='ocrx_word' id='word_1_134' title='bbox 161 2045 341 2132; x_wconf 81' lang='grc' dir='ltr'><strong><em>πράγματά</em></strong></span> <span class='ocrx_word' id='word_1_135' title='bbox 354 2073 411 2132; x_wconf 92' lang='grc' dir='ltr'><strong><em>μοι</em></strong></span> <span class='ocrx_word' id='word_1_136' title='bbox 420 2052 495 2135; x_wconf 74' lang='grc' dir='ltr'><strong><em>περὶ</em></strong></span> <span class='ocrx_word' id='word_1_137' title='bbox 506 2075 573 2117; x_wconf 91' lang='grc' dir='ltr'><strong><em>των</em></strong></span> <span class='ocrx_word' id='word_1_138' title='bbox 590 2047 674 2137; x_wconf 81' lang='grc' dir='ltr'><strong><em>πρὸς</em></strong></span> <span class='ocrx_word' id='word_1_139' title='bbox 690 2059 810 2118; x_wconf 81' lang='grc' dir='ltr'><strong><em>τούτου</em></strong></span> <span class='ocrx_word' id='word_1_140' title='bbox 829 2055 1038 2132; x_wconf 89' lang='grc' dir='ltr'><strong><em>διαλλαγων.</em></strong></span> 
     </span>
    </p>
   </div>
   <div class='ocr_carea' id='block_1_3' title="bbox 87 2136 1040 2327">
    <p class='ocr_par' dir='ltr' id='par_1_6' title="bbox 87 2136 1040 2327">
     <span class='ocr_line' id='line_1_20' title="bbox 88 2136 1040 2233; baseline 0.007 -21.112"><span class='ocrx_word' id='word_1_141' title='bbox 88 2144 199 2229; x_wconf 76' lang='grc' dir='ltr'><strong><em>εἰμὲν</em></strong></span> <span class='ocrx_word' id='word_1_142' title='bbox 221 2136 286 2211; x_wconf 86' lang='grc' dir='ltr'><strong><em>ούν</em></strong></span> <span class='ocrx_word' id='word_1_143' title='bbox 306 2144 482 2229; x_wconf 75' lang='grc' dir='ltr'><strong><em>εἰργάσθαι</em></strong></span> <span class='ocrx_word' id='word_1_144' title='bbox 509 2176 540 2215; x_wconf 92' lang='grc' dir='ltr'><strong><em>τι</em></strong></span> <span class='ocrx_word' id='word_1_145' title='bbox 561 2150 690 2217; x_wconf 90' lang='grc' dir='ltr'><strong><em>τούτων</em></strong></span> <span class='ocrx_word' id='word_1_146' title='bbox 714 2153 769 2233; x_wconf 82' lang='grc' dir='ltr'><strong><em>ἐφ’</em></strong></span> <span class='ocrx_word' id='word_1_147' title='bbox 793 2143 844 2228; x_wconf 84' lang='grc' dir='ltr'><strong><em>οἷς</em></strong></span> <span class='ocrx_word' id='word_1_148' title='bbox 864 2146 1040 2219; x_wconf 76' lang='grc' dir='ltr'><strong><em>ἀπόλωλεν</em></strong></span> 
     </span>
     <span class='ocr_line' id='line_1_21' title="bbox 87 2237 1040 2327; baseline -0.001 -19"><span class='ocrx_word' id='word_1_149' title='bbox 87 2239 274 2326; x_wconf 88' lang='grc' dir='ltr'><strong><em>ηγούμενος</em></strong></span> <span class='ocrx_word' id='word_1_150' title='bbox 292 2237 353 2309; x_wconf 84' lang='grc' dir='ltr'><strong><em>τὸν</em></strong></span> <span class='ocrx_word' id='word_1_151' title='bbox 358 2239 572 2327; x_wconf 85' lang='grc' dir='ltr'><strong><em>Αρίσταρχου</em></strong></span> <span class='ocrx_word' id='word_1_152' title='bbox 589 2245 643 2310; x_wconf 81' lang='grc' dir='ltr'><strong><em>καὶ</em></strong></span> <span class='ocrx_word' id='word_1_153' title='bbox 659 2239 883 2320; x_wconf 77' lang='grc' dir='ltr'><strong><em>πεπιστευκδς</em></strong></span> <span class='ocrx_word' id='word_1_154' title='bbox 893 2256 962 2320; x_wconf 89' lang='grc' dir='ltr'><strong><em>τοῖς</em></strong></span> <span class='ocrx_word' id='word_1_155' title='bbox 972 2267 1040 2309; x_wconf 87' lang='grc' dir='ltr'><strong><em>των</em></strong></span> 
     </span>
    </p>
   </div>
   <div class='ocr_carea' id='block_1_4' title="bbox 39 2334 1102 3508">
    <p class='ocr_par' dir='ltr' id='par_1_7' title="bbox 39 2334 1102 3508">
     <span class='ocr_line' id='line_1_22' title="bbox 87 2334 1041 2425; baseline -0.002 -20"><span class='ocrx_word' id='word_1_156' title='bbox 87 2340 330 2423; x_wconf 75' lang='grc' dir='ltr'><strong><em>αἰτιασαμένων</em></strong></span> <span class='ocrx_word' id='word_1_157' title='bbox 349 2338 462 2423; x_wconf 88' lang='grc' dir='ltr'><strong><em>λόγοις</em></strong></span> <span class='ocrx_word' id='word_1_158' title='bbox 477 2347 560 2406; x_wconf 84' lang='grc' dir='ltr'><strong><em>ταύτ</em></strong></span> <span class='ocrx_word' id='word_1_159' title='bbox 562 2337 697 2425; x_wconf 84' lang='grc' dir='ltr'><strong><em>’έλεγε,</em></strong></span> <span class='ocrx_word' id='word_1_160' title='bbox 720 2347 803 2424; x_wconf 82' lang='grc' dir='ltr'><strong><em>χρῆν</em></strong></span> <span class='ocrx_word' id='word_1_161' title='bbox 820 2334 965 2424; x_wconf 72' lang='grc' dir='ltr'><strong><em>μὲνούδ’</em></strong></span> <span class='ocrx_word' id='word_1_162' title='bbox 980 2336 1041 2404; x_wconf 83' lang='grc' dir='ltr'><strong><em>ού-</em></strong></span> 
     </span>
     <span class='ocr_line' id='line_1_23' title="bbox 39 2433 1102 2562; baseline -0.007 -60"><span class='ocrx_word' id='word_1_163' title='bbox 39 2447 164 2525; x_wconf 79' lang='grc' dir='ltr'><strong><em>Ιῖθτως·</em></strong></span> <span class='ocrx_word' id='word_1_164' title='bbox 187 2446 305 2523; x_wconf 87' lang='grc' dir='ltr'><strong><em>μετρία</em></strong></span> <span class='ocrx_word' id='word_1_165' title='bbox 316 2437 381 2562; x_wconf 76' lang='grc' dir='ltr'><strong><em>χάρ</em></strong></span> <span class='ocrx_word' id='word_1_166' title='bbox 393 2442 467 2523; x_wconf 89' lang='grc' dir='ltr'><strong><em>δίκη</em></strong></span> <span class='ocrx_word' id='word_1_167' title='bbox 479 2436 568 2524; x_wconf 88' lang='grc' dir='ltr'><strong><em>παρά</em></strong></span> <span class='ocrx_word' id='word_1_168' title='bbox 579 2444 648 2505; x_wconf 74' lang='grc' dir='ltr'><strong><em>τῶν</em></strong></span> <span class='ocrx_word' id='word_1_169' title='bbox 659 2443 767 2524; x_wconf 90' lang='grc' dir='ltr'><strong><em>φίλων</em></strong></span> <span class='ocrx_word' id='word_1_170' title='bbox 777 2438 876 2519; x_wconf 80' lang='grc' dir='ltr'><strong><em>ἐστὶν,</em></strong></span> <span class='ocrx_word' id='word_1_171' title='bbox 888 2433 930 2501; x_wconf 88' lang='grc' dir='ltr'><strong><em>ἀν</em></strong></span> <span class='ocrx_word' id='word_1_172' title='bbox 942 2459 972 2500; x_wconf 93' lang='grc' dir='ltr'><strong><em>τι</em></strong></span> <span class='ocrx_word' id='word_1_173' title='bbox 983 2437 1040 2500; x_wconf 91' lang='grc' dir='ltr'><strong><em>δο-</em></strong></span> <span class='ocrx_word' id='word_1_174' title='bbox 1048 2441 1102 2496; x_wconf 77' lang='lat'><strong><em>553</em></strong></span> 
     </span>
     <span class='ocr_line' id='line_1_24' title="bbox 86 2532 1040 2623; baseline -0.009 -18"><span class='ocrx_word' id='word_1_175' title='bbox 86 2545 168 2605; x_wconf 77' lang='grc' dir='ltr'><strong><em>κοῖσι</em></strong></span> <span class='ocrx_word' id='word_1_176' title='bbox 176 2539 392 2623; x_wconf 80' lang='grc' dir='ltr'><strong><em>πεποιηκέναι</em></strong></span> <span class='ocrx_word' id='word_1_177' title='bbox 402 2532 523 2620; x_wconf 80' lang='grc' dir='ltr'><strong><em>δεινὸν,</em></strong></span> <span class='ocrx_word' id='word_1_178' title='bbox 535 2536 648 2621; x_wconf 89' lang='grc' dir='ltr'><strong><em>μηκέτι</em></strong></span> <span class='ocrx_word' id='word_1_179' title='bbox 659 2543 716 2622; x_wconf 85' lang='grc' dir='ltr'><strong><em>τῆς</em></strong></span> <span class='ocrx_word' id='word_1_180' title='bbox 724 2541 840 2620; x_wconf 89' lang='grc' dir='ltr'><strong><em>λοιπης</em></strong></span> <span class='ocrx_word' id='word_1_181' title='bbox 848 2537 960 2619; x_wconf 82' lang='grc' dir='ltr'><strong><em>φιλίας</em></strong></span> <span class='ocrx_word' id='word_1_182' title='bbox 968 2557 1040 2598; x_wconf 90' lang='grc' dir='ltr'><strong><em>κοι-</em></strong></span> 
     </span>
     <span class='ocr_line' id='line_1_25' title="bbox 77 2630 1039 2719; baseline -0.005 -17.958"><span class='ocrx_word' id='word_1_183' title='bbox 77 2647 223 2719; x_wconf 55' lang='grc' dir='ltr'><strong><em>νωνεῖνχ</em></strong></span> <span class='ocrx_word' id='word_1_184' title='bbox 245 2659 283 2701; x_wconf 90' lang='grc' dir='ltr'><strong><em>το</em></strong></span> <span class='ocrx_word' id='word_1_185' title='bbox 272 2630 337 2700; x_wconf 74' lang='grc' dir='ltr'><strong><em>δε</em></strong></span> <span class='ocrx_word' id='word_1_186' title='bbox 352 2642 567 2719; x_wconf 87' lang='grc' dir='ltr'><strong><em>τιμωρεῖσθαι</em></strong></span> <span class='ocrx_word' id='word_1_187' title='bbox 583 2635 638 2700; x_wconf 76' lang='grc' dir='ltr'><strong><em>καὶ</em></strong></span> <span class='ocrx_word' id='word_1_188' title='bbox 654 2636 814 2714; x_wconf 79' lang='grc' dir='ltr'><strong><em>ἐπεξιέναι</em></strong></span> <span class='ocrx_word' id='word_1_189' title='bbox 829 2644 897 2709; x_wconf 89' lang='grc' dir='ltr'><strong><em>τοῖς</em></strong></span> <span class='ocrx_word' id='word_1_190' title='bbox 913 2654 1039 2698; x_wconf 87' lang='grc' dir='ltr'><strong><em>πεπον-</em></strong></span> 
     </span>
     <span class='ocr_line' id='line_1_26' title="bbox 66 2725 1038 2817; baseline -0.004 -18"><span class='ocrx_word' id='word_1_191' title='bbox 66 2731 164 2800; x_wconf 67' lang='grc' dir='ltr'><strong><em>θόσι</em></strong></span> <span class='ocrx_word' id='word_1_192' title='bbox 176 2733 234 2800; x_wconf 79' lang='grc' dir='ltr'><strong><em>καὶ</em></strong></span> <span class='ocrx_word' id='word_1_193' title='bbox 244 2745 313 2809; x_wconf 89' lang='grc' dir='ltr'><strong><em>τοῖς</em></strong></span> <span class='ocrx_word' id='word_1_194' title='bbox 324 2733 454 2817; x_wconf 79' lang='grc' dir='ltr'><strong><em>ἐχθροῖς</em></strong></span> <span class='ocrx_word' id='word_1_195' title='bbox 466 2730 739 2815; x_wconf 68' lang='grc' dir='ltr'><strong><em>παρκλεέπεται”</em></strong></span> <span class='ocrx_word' id='word_1_196' title='bbox 725 2757 814 2816; x_wconf 89' lang='grc' dir='ltr'><strong><em>ομως</em></strong></span> <span class='ocrx_word' id='word_1_197' title='bbox 825 2725 853 2798; x_wconf 90' lang='grc' dir='ltr'><strong><em>δ</em></strong></span> <span class='ocrx_word' id='word_1_198' title='bbox 865 2734 946 2797; x_wconf 84' lang='grc' dir='ltr'><strong><em>ἔστω</em></strong></span> <span class='ocrx_word' id='word_1_199' title='bbox 958 2727 1038 2796; x_wconf 91' lang='grc' dir='ltr'><strong><em>τού-</em></strong></span> 
     </span>
     <span class='ocr_line' id='line_1_27' title="bbox 50 2829 1040 2919; baseline -0.004 -22"><span class='ocrx_word' id='word_1_200' title='bbox 50 2868 54 2883; x_wconf 83' lang='grc'><em>·</em></span> <span class='ocrx_word' id='word_1_201' title='bbox 85 2855 129 2919; x_wconf 82' lang='grc' dir='ltr'><strong><em>τφ</em></strong></span> <span class='ocrx_word' id='word_1_202' title='bbox 140 2855 179 2915; x_wconf 93' lang='grc' dir='ltr'><strong><em>γε</em></strong></span> <span class='ocrx_word' id='word_1_203' title='bbox 191 2829 381 2916; x_wconf 76' lang='grc' dir='ltr'><strong><em>συγγνώμη.</em></strong></span> <span class='ocrx_word' id='word_1_204' title='bbox 415 2835 447 2896; x_wconf 89' lang='grc' dir='ltr'><strong><em>εἰ</em></strong></span> <span class='ocrx_word' id='word_1_205' title='bbox 462 2829 497 2896; x_wconf 74' lang='grc' dir='ltr'><strong><em>δέ</em></strong></span> <span class='ocrx_word' id='word_1_206' title='bbox 515 2836 626 2896; x_wconf 90' lang='grc' dir='ltr'><strong><em>λαλων</em></strong></span> <span class='ocrx_word' id='word_1_207' title='bbox 643 2830 703 2914; x_wconf 76' lang='grc' dir='ltr'><strong><em>μὲν</em></strong></span> <span class='ocrx_word' id='word_1_208' title='bbox 720 2829 774 2895; x_wconf 84' lang='grc' dir='ltr'><strong><em>καὶ</em></strong></span> <span class='ocrx_word' id='word_1_209' title='bbox 787 2824 1040 2918; x_wconf 57' lang='lat'><strong>666066609767</strong></span> 
     </span>
     <span class='ocr_line' id='line_1_28' title="bbox 85 2924 1036 3015; baseline -0.006 -18"><span class='ocrx_word' id='word_1_210' title='bbox 85 2928 247 3015; x_wconf 87' lang='grc' dir='ltr'><strong><em>γνύμενος</em></strong></span> <span class='ocrx_word' id='word_1_211' title='bbox 265 2954 310 3012; x_wconf 86' lang='grc' dir='ltr'><strong><em>ως</em></strong></span> <span class='ocrx_word' id='word_1_212' title='bbox 327 2925 426 2995; x_wconf 77' lang='grc' dir='ltr'><strong><em>ούδέν</em></strong></span> <span class='ocrx_word' id='word_1_213' title='bbox 443 2931 644 3014; x_wconf 81' lang='grc' dir='ltr'><strong><em>εἰργασμένῳ</em></strong></span> <span class='ocrx_word' id='word_1_214' title='bbox 664 2925 861 3012; x_wconf 84' lang='grc' dir='ltr'><strong><em>φανήσεται,</em></strong></span> <span class='ocrx_word' id='word_1_215' title='bbox 885 2927 989 3008; x_wconf 88' lang='grc' dir='ltr'><strong><em>λέγων</em></strong></span> <span class='ocrx_word' id='word_1_216' title='bbox 1001 2924 1036 2992; x_wconf 88' lang='grc' dir='ltr'><strong><em>δε</em></strong></span> 
     </span>
     <span class='ocr_line' id='line_1_29' title="bbox 85 3019 1034 3111; baseline -0.008 -17"><span class='ocrx_word' id='word_1_217' title='bbox 85 3028 139 3094; x_wconf 80' lang='grc' dir='ltr'><strong><em>καὶ</em></strong></span> <span class='ocrx_word' id='word_1_218' title='bbox 155 3025 412 3111; x_wconf 72' lang='grc' dir='ltr'><strong><em>καταιτιώμενος</em></strong></span> <span class='ocrx_word' id='word_1_219' title='bbox 428 3022 530 3092; x_wconf 86' lang='grc' dir='ltr'><strong><em>ταῦθ’</em></strong></span> <span class='ocrx_word' id='word_1_220' title='bbox 549 3026 647 3092; x_wconf 75' lang='grc' dir='ltr'><strong><em>ἕνεκα</em></strong></span> <span class='ocrx_word' id='word_1_221' title='bbox 663 3030 724 3090; x_wconf 87' lang='grc' dir='ltr'><strong><em>τού</em></strong></span> <span class='ocrx_word' id='word_1_222' title='bbox 736 3036 959 3107; x_wconf 82' lang='grc' dir='ltr'><strong><em>συκοφαντεῖν</em></strong></span> <span class='ocrx_word' id='word_1_223' title='bbox 970 3019 1034 3105; x_wconf 70' lang='grc' dir='ltr'><strong><em>ἐμὲ,</em></strong></span> 
     </span>
     <span class='ocr_line' id='line_1_30' title="bbox 86 3118 1035 3209; baseline -0.006 -19"><span class='ocrx_word' id='word_1_224' title='bbox 86 3130 153 3202; x_wconf 78' lang='grc' dir='ltr'><strong><em>πῶς</em></strong></span> <span class='ocrx_word' id='word_1_225' title='bbox 161 3122 207 3190; x_wconf 78' lang='grc' dir='ltr'><strong><em>ὀύ</em></strong></span> <span class='ocrx_word' id='word_1_226' title='bbox 218 3123 352 3202; x_wconf 76' lang='grc' dir='ltr'><strong><em>δεκάκις</em></strong></span> <span class='ocrx_word' id='word_1_227' title='bbox 359 3173 369 3207; x_wconf 87' lang='grc'><strong><em>,</em></strong></span> <span class='ocrx_word' id='word_1_228' title='bbox 385 3130 512 3208; x_wconf 81' lang='grc' dir='ltr'><strong><em>μᾶλλον</em></strong></span> <span class='ocrx_word' id='word_1_229' title='bbox 524 3123 559 3190; x_wconf 74' lang='grc' dir='ltr'><strong><em>δὲ</em></strong></span> <span class='ocrx_word' id='word_1_230' title='bbox 569 3121 722 3209; x_wconf 76' lang='grc' dir='ltr'><strong><em>μυριάκις</em></strong></span> <span class='ocrx_word' id='word_1_231' title='bbox 734 3119 859 3198; x_wconf 87' lang='grc' dir='ltr'><strong><em>δίκαιός</em></strong></span> <span class='ocrx_word' id='word_1_232' title='bbox 871 3118 937 3188; x_wconf 80' lang='grc' dir='ltr'><strong><em>ἐστ’</em></strong></span> <span class='ocrx_word' id='word_1_233' title='bbox 950 3118 1035 3185; x_wconf 88' lang='grc' dir='ltr'><strong><em>ἀπο-</em></strong></span> 
     </span>
     <span class='ocr_line' id='line_1_31' title="bbox 39 3216 1034 3307; baseline 0.001 -28"><span class='ocrx_word' id='word_1_234' title='bbox 39 3224 238 3303; x_wconf 72' lang='grc' dir='ltr'><strong><em>Ιῖθλωλέναις</em></strong></span> <span class='ocrx_word' id='word_1_235' title='bbox 262 3219 346 3289; x_wconf 88' lang='grc' dir='ltr'><strong><em>ἀλλά</em></strong></span> <span class='ocrx_word' id='word_1_236' title='bbox 358 3218 426 3307; x_wconf 77' lang='grc' dir='ltr'><strong><em>μὴν</em></strong></span> <span class='ocrx_word' id='word_1_237' title='bbox 437 3218 480 3300; x_wconf 80' lang='grc' dir='ltr'><strong><em>ὡς</em></strong></span> <span class='ocrx_word' id='word_1_238' title='bbox 492 3219 602 3307; x_wconf 79' lang='grc' dir='ltr'><strong><em>ἀληθῆ</em></strong></span> <span class='ocrx_word' id='word_1_239' title='bbox 613 3222 714 3303; x_wconf 86' lang='grc' dir='ltr'><strong><em>λέγω,</em></strong></span> <span class='ocrx_word' id='word_1_240' title='bbox 727 3219 834 3304; x_wconf 78' lang='grc' dir='ltr'><strong><em>καλιῇ</em></strong></span> <span class='ocrx_word' id='word_1_241' title='bbox 844 3216 904 3303; x_wconf 71' lang='grc' dir='ltr'><strong><em>μέν</em></strong></span> <span class='ocrx_word' id='word_1_242' title='bbox 916 3239 1034 3298; x_wconf 90' lang='grc' dir='ltr'><strong><em>προτε-</em></strong></span> 
     </span>
     <span class='ocr_line' id='line_1_32' title="bbox 83 3316 1028 3408; baseline -0.011 -20"><span class='ocrx_word' id='word_1_243' title='bbox 83 3326 176 3408; x_wconf 81' lang='grc' dir='ltr'><strong><em>ραίᾳ,</em></strong></span> <span class='ocrx_word' id='word_1_244' title='bbox 189 3317 245 3388; x_wconf 83' lang='grc' dir='ltr'><strong><em>ὅτε</em></strong></span> <span class='ocrx_word' id='word_1_245' title='bbox 256 3316 347 3388; x_wconf 83' lang='grc' dir='ltr'><strong><em>ταῦτ’</em></strong></span> <span class='ocrx_word' id='word_1_246' title='bbox 361 3322 482 3404; x_wconf 79' lang='grc' dir='ltr'><strong><em>ἔλεγεν,</em></strong></span> <span class='ocrx_word' id='word_1_247' title='bbox 495 3318 703 3404; x_wconf 77' lang='grc' dir='ltr'><strong><em>εἰσεληλύθει</em></strong></span> <span class='ocrx_word' id='word_1_248' title='bbox 714 3319 768 3386; x_wconf 87' lang='grc' dir='ltr'><strong><em>καί</em></strong></span> <span class='ocrx_word' id='word_1_249' title='bbox 781 3321 936 3384; x_wconf 79' lang='grc' dir='ltr'><strong><em>διείλεκτο</em></strong></span> <span class='ocrx_word' id='word_1_250' title='bbox 948 3318 1028 3379; x_wconf 87' lang='grc' dir='ltr'><strong><em>ἐκεί-</em></strong></span> 
     </span>
     <span class='ocr_line' id='line_1_33' title="bbox 82 3408 1032 3508; baseline -0.012 -24"><span class='ocrx_word' id='word_1_251' title='bbox 82 3444 146 3508; x_wconf 80' lang='grc' dir='ltr'><strong><em>νφ,</em></strong></span> <span class='ocrx_word' id='word_1_252' title='bbox 167 3427 209 3505; x_wconf 79' lang='grc' dir='ltr'><strong><em>τῇ</em></strong></span> <span class='ocrx_word' id='word_1_253' title='bbox 220 3415 252 3487; x_wconf 86' lang='grc' dir='ltr'><strong><em>δ’</em></strong></span> <span class='ocrx_word' id='word_1_254' title='bbox 266 3414 423 3507; x_wconf 79' lang='grc' dir='ltr'><strong><em>ύστεραίηι</em></strong></span> <span class='ocrx_word' id='word_1_255' title='bbox 436 3417 536 3487; x_wconf 83' lang='grc' dir='ltr'><strong><em>πάλιν</em></strong></span> <span class='ocrx_word' id='word_1_256' title='bbox 548 3426 658 3504; x_wconf 77' lang='grc' dir='ltr'><strong><em>(τοῦτο</em></strong></span> <span class='ocrx_word' id='word_1_257' title='bbox 668 3415 749 3503; x_wconf 86' lang='grc' dir='ltr'><strong><em>γάρ,</em></strong></span> <span class='ocrx_word' id='word_1_258' title='bbox 771 3422 869 3482; x_wconf 84' lang='grc' dir='ltr'><strong><em>τοῦτο</em></strong></span> <span class='ocrx_word' id='word_1_259' title='bbox 882 3408 944 3479; x_wconf 91' lang='grc' dir='ltr'><strong><em>ούκ</em></strong></span> <span class='ocrx_word' id='word_1_260' title='bbox 956 3415 1032 3493; x_wconf 82' lang='grc' dir='ltr'><strong><em>ἔχον</em></strong></span> 
     </span>
    </p>
   </div>
   <div class='ocr_carea' id='block_1_5' title="bbox 0 0 1164 3894">
    <p class='ocr_par' dir='ltr' id='par_1_8' title="bbox 0 0 1164 3894">
     <span class='ocr_line' id='line_1_34' title="bbox 0 0 1164 3894; baseline 0 3"><span class='ocrx_word' id='word_1_261' title='bbox 0 0 1164 3894; x_wconf 95' lang='lat' dir='ltr'><strong><em> </em></strong></span> 
     </span>
    </p>
   </div>
  </div>
 </body>
</html>
