2318 3894
166 252 208 316 98
370 255 441 316 m
476 247 893 311 ΔΗΜΟΣΘΕΝΟΤΣ

166 411 241 498 παρ’
254 403 304 480 όν
316 411 585 498 εἰσπραττόμενοι
599 407 763 476 τάλαντον
773 384 941 477 ταλάντου
957 395 1116 495 μισθούσι

167 509 226 590 τὰς
236 517 446 597 τριηραρχίας
456 499 560 590 οὗτοι,
568 504 976 594 εἰταπληροόματαὴπόλις
985 511 1115 595 παρέχει
1141 528 1159 568 ·⁴

167 610 224 677 καί
235 610 339 694 σκεύη
357 611 510 691 δίδωσιν,
531 603 606 673 ὥστ’
623 602 736 672 αὐτόν
752 607 851 682 ἐνίοις
867 611 908 692 τῇ
921 602 1066 695 ἀληθείη
1080 605 1114 674 τό

166 708 272 793 μηδὲν
280 704 449 772 ἀναλῶσαι
465 705 520 770 καί
537 707 649 770 δοκεῖν
667 707 974 790 λελειτουργηκέναι
983 708 1040 772 καί
1050 712 1115 773 τῶν

108 817 158 871 156
167 803 278 870 ἀλλων
288 800 633 887 λειτουργιωνάτελεῖς
642 809 844 888 γεγενῆσθαι
853 808 1032 890 περίεστιν.
1056 802 1114 872 ἀλ-

168 899 208 967 λά
226 897 294 985 μὴν
309 905 344 967 τί
357 899 455 978 ἀλλος
483 903 666 988 τραγῳδοῖς
686 900 889 987 κεχορήγηκέ
906 900 984 970 ποθ’
1009 896 1112 986 οὗτος,

167 997 232 1084 ἐγω
244 1001 280 1065 δὲ
297 994 453 1083 αὐληταῖς
468 995 620 1084 ἀνδράσι.
651 1000 706 1066 καί
722 996 774 1065 ὅτι
789 1005 888 1089 τοῦτο
898 994 937 1067 &a
955 997 1113 1087 ἀνάλωμα

65 1182 68 1187 ι
167 1103 294 1184 ἐκείνης
304 1105 362 1183 τῆς
373 1097 523 1184 δαπάνης
544 1099 646 1164 πλέον
662 1098 729 1164 ἐστί
745 1104 858 1185 πολλῷ
877 1094 988 1176 οὐδεὶς
1004 1095 1117 1185 ἀγνοεῖ

170 1197 287 1283 δήπου.
321 1194 415 1282 κάγοδ
426 1195 487 1283 μὲν
503 1192 681 1280 ἐθελοντὴς
696 1202 778 1281 νύν,
800 1186 899 1274 οὗτος
910 1195 1114 1276 δὲκαταστδς

168 1296 200 1376 ἐξ
212 1293 410 1375 ἀντιδόσεως
420 1295 504 1381 τότε,
513 1286 557 1362 οὐ
565 1294 662 1380 χάριν
672 1291 831 1379 οὐδεμίαν
842 1290 933 1383 αὐτῷ
944 1294 1056 1380 δήπου
1067 1301 1114 1363 δν

168 1401 269 1473 καίως
282 1392 327 1462 ἀν
338 1420 386 1472 τις
397 1399 472 1479 ἔχοι.
503 1399 538 1460 τί
546 1399 609 1472 ἒτις
628 1395 774 1459 εἰστίακά
785 1390 847 1477 την
859 1389 975 1478 ῳνλὴν
985 1392 1051 1478 ἐγαδ
1062 1397 1114 1462 ιιαλ

82 1538 85 1543 -
108 1500 158 1555 157
167 1498 418 1579 Παναθηναίοις
428 1480 746 1576 κεχορήγηκα,οὐτος
757 1487 787 1556 δ’
797 1486 963 1577 οὐδέτερα
984 1489 1114 1578 ἡγεμόν

168 1596 352 1676 συμμορίας
362 1585 443 1672 ύμῖν
455 1588 618 1672 ἐγενόμην
628 1584 692 1670 ἐγώ
707 1592 761 1672 ἔτη
773 1590 861 1670 δέκα,
874 1597 949 1655 ἰσον
960 1594 1115 1676 Φορμίω-

166 1713 200 1755 νι
211 1689 457 1772 καίΛνσνδείδη
468 1687 523 1753 καί
533 1690 748 1774 Καλλαίσχρῳ
766 1686 822 1753 καί
830 1699 899 1764 τοῖς
908 1687 1115 1755 πλουσιωτά-

166 1809 279 1867 τοις,ε
263 1784 428 1871 εἰσφέρων
444 1781 506 1851 οὐκ
523 1780 587 1851 ἀπὸ
605 1780 819 1868 ὑπαρχούσης
829 1781 944 1862 οὐσίας
957 1781 1040 1871 (ύπδ
1051 1785 1113 1872 γάρ

166 1908 235 1949 των
246 1881 434 1964 ἕπιτροπων
444 1878 707 1968 απεστερημην)
726 1878 826 1948 ἀλλΗ
808 1881 874 1948 απδ
890 1907 948 1968 της
959 1877 1113 1971 δόξηςων

85 2024 89 2031 ‚
166 1975 304 2064 ὁπαιήρ
326 2003 382 2064 μοι
403 1981 554 2047 κατέλιπε
575 1972 681 2047 καί
652 2005 702 2048 ων
719 1972 885 2048 δίκαιον
863 2006 907 2101 ην
921 2006 963 2067 με
974 1986 1112 2072 δοκιμα-

166 2079 290 2144 σθέντα
300 2084 510 2162 κομίσασθαι
533 2069 738 2163 ἐγωμδνούν
750 2075 1113 2170 οὐτωςύμῖνπροσευή-

166 2181 573 2261 νεγμαι,Μειδίαςδὲπως;
582 2174 1112 2299 οὐδέπωκαίτημερῳνσνμμορίαρ

165 2271 299 2362 ἡγεμάν
320 2278 468 2362 γέγονεν,
490 2274 591 2346 οὐδὲν
611 2283 680 2344 τοδν
696 2276 859 2365 πατρῴων
873 2273 1112 2365 ἀποστερηδιίς

167 2371 227 2440 ὑπ’
240 2371 390 2459 οὐδενός,
414 2374 498 2442 ἀλλὰ
519 2376 609 2458 παρά
629 2382 691 2441 τοῦ
705 2373 829 2461 πατρὸς
847 2373 977 2463 πολλὴν
991 2375 1111 2447 οὐσίαν
1133 2380 1139 2387 “

108 2472 378 2559 168παραλαβιόν.
400 2466 501 2550 τίς
459 2497 523 2539 ουν
533 2469 1111 2560 ἐστινηλαμπροτης,ητίνεςαίλον

166 2575 317 2652 τουργίαι
327 2566 432 2635 καίτοι
442 2566 547 2653 σεμνα
558 2566 808 2655 αναλωματατα
820 2573 957 2655 τούτους
973 2573 1112 2663 ἐγόμίν

165 2663 230 2749 γάρ
243 2662 303 2750 οὐχ
315 2663 400 2751 ὁρῶ,
414 2662 511 2752 πλην
522 2673 553 2734 εἰ
566 2668 671 2736 ταύτά
681 2695 730 2748 τις
745 2680 923 2757 θεωρεῖο
905 2674 1112 2765 οἰκίανῷκο-

167 2762 312 2849 δόμηκευ
330 2761 488 2832 Ἐλευσῖνι
508 2766 674 2854 τοσαύτην
699 2767 782 2836 ὥστε
803 2777 906 2838 πᾶσιν
925 2773 1112 2843 ἐπισκοτεῖν

166 2876 234 2940 τοῖς
250 2865 288 2929 ἐν
304 2870 351 2953 τῳ”
366 2862 474 2953 τόπῳ,
496 2867 603 2934 ναίἰ
572 2873 618 2945 εἰς
635 2868 799 2955 μυστήρια
815 2867 876 2954 τὴν
886 2867 1014 2954 γυναῖκ’
1028 2870 1110 2957 ἄγει,

166 2956 232 3028 κάν
246 2959 369 3030 ἀλλοσί
377 2985 432 3030 ποι
442 2964 611 3051 βούληται,
629 2968 681 3034 ἐπὶ
697 2992 758 3033 τον
743 2974 892 3035 λευκοῦ
902 2968 1042 3054 ζεύγους
1051 2976 1113 3038 τού

166 3062 202 3124 ἐκ
212 3067 401 3146 Σικυωνος,
419 3066 474 3130 καί
490 3077 577 3147 τρεῖς
592 3062 835 3151 ἀκολούθουςη
844 3070 999 3153 τέτταρας
1011 3066 1112 3147 αὐτός

166 3159 250 3240 ἔχων
261 3154 365 3223 διὰ
326 3182 383 3242 της
399 3156 523 3281 ἀγορᾶς
537 3170 645 3248 σοβεῖ,
663 3171 787 3251 κυμβία
804 3166 860 3232 καί
870 3164 953 3253 ρυτα
964 3167 1020 3234 καί
1031 3165 1129 3253 φιά·1

166 3260 225 3331 λας
246 3251 481 3340 όνομάζων’
438 3285 544 3338 ουτως
562 3258 646 3327 ωστε
665 3260 745 3340 τούς
763 3261 944 3348 παριόντας
961 3261 1156 3332 duodenas«

106 3355 158 3412 159
167 3347 306 3435 ἐγωδ
285 3355 396 3440 υσαμὲ
398 3365 488 3443 ντῆς
499 3364 583 3436 διας
592 3383 720 3446 τρνῳης
730 3361 974 3440 ἕνεκαΜειδίας
984 3365 1041 3430 καί
1051 3385 1112 3430 πε-

167 3456 279 3537 ριουσί
277 3477 316 3533 ας
336 3461 461 3542 κτᾶται,
483 3452 546 3525 οὐκ
568 3453 631 3525 οἷδ’
651 3455 671 3525 δ
691 3483 723 3526 τι
743 3456 822 3538 τούς
843 3456 1032 3539 πολλούς“
1009 3466 1111 3548 νμαλν
