2318 3894
133 224 194 290 ιω
318 180 426 284 κατα.
462 178 879 285 ΔυκοΣοιιαουΣ

132 379 237 470 ὄρνυτ’
249 378 353 451 αὐτὸν
363 381 428 467 ίγά
437 382 585 460 ἐπιδείξω
596 385 673 463 νῦν,
682 383 888 465 Θηριππίδης
897 378 1080 466 δδδάοτά-
1105 382 1118 420 '·

132 491 245 566 λιστα,
254 476 471 567 Δημοφιῖνδ
485 473 847 562 ἕπτάκαλάγδοάιιοντα
856 483 950 562 μνᾶς.
977 484 1078 559 τοῦτο

131 578 165 649 δ’
176 581 244 648 ἐστὶ
259 581 357 647 πέντε
366 578 575 645 τάλαντακαδ
586 579 819 645 πεντεκαίδεκα
831 589 921 660 μναλ
953 575 1078 645 τούτου

130 673 278 746 τοίνυνδ
289 672 399 761 μέν’
361 700 422 758 ουχ
433 673 569 756 ἀδρουν
579 673 729 759 ἐλήφθη,
747 672 869 759 σχεδόν
885 678 970 743 είσιν
980 674 1078 760 ἑβδο-

131 775 278 861 μήκοντα
288 787 372 859 μναῖ
376 773 432 841 καί
444 769 576 856 ἑπτὰ,
558 799 579 858 η
591 767 816 857 πρόσοδοςὴ’
796 770 862 838 απὸ
873 778 941 839 τῶν
951 768 1078 856 ἀνδρα-

132 968 342 1054 ρατάλαντα·
365 963 461 1046 οἷς
425 993 464 1036 το
482 967 670 1052 πρόσεργυν
682 962 728 1033 ἀν
742 973 912 1052 προσθῆτε
930 969 984 1036 ἐπὶ
993 972 1078 1052 δρα

131 1074 196 1155 ημη
206 1093 312 1153 μονον
321 1093 390 1136 των
401 1069 481 1135 δέκα
491 1061 615 1150 έτων,
597 1090 682 1134 ουτω
670 1063 836 1133 ταλαντα
842 1061 1002 1150 ευρησετε
1012 1065 1077 1132 συν

88 1179 199 1246 ςςτοες
208 1162 366 1283 ἀρχαίοις
373 1167 693 1248 καὶτιτρακισχιλίας
708 1167 912 1249 γιγνομένας.
943 1188 1007 1249 την
1016 1163 1078 1249 μὲν

131 1268 247 1332 τοίνυν
262 1260 393 1349 τροφὴν
409 1259 475 1330 ἀπὸ
493 1269 562 1329 τῶν
575 1260 801 1348 ἑβδομήκοντα
819 1271 915 1348 μνῶν
930 1263 1013 1329 καί
995 1264 1077 1330 επτά

79 1430 82 1434 ,
130 1357 527 1477 λογιστέουτρῐνάπδτου
515 1361 761 1445 ἐργαστηρίου
776 1361 972 1446 γενομένων.
1007 1367 1077 1447 Θη-

131 1482 213 1540 ριππ
213 1462 284 1543 ίδης
299 1454 363 1542 γὰρ
370 1455 558 1543 ἑπτάμνιῖς
574 1459 684 1546 ἐδίδου
700 1452 808 1524 καδ’“
787 1477 926 1524 εκαστον
936 1455 995 1525 τὸν
1007 1460 1077 1525 ένι-

131 1553 236 1623 αυτὸν
243 1561 290 1632 είς
299 1561 414 1637 ταῦτα,
431 1555 486 1622 καὶ
496 1552 696 1650 ἦμεῖςτοάτο
708 1560 821 1639 λαβεῖν
837 1553 1074 1639 ὁμολογοῦμεν.

30 1668 38 1689 ’
131 1651 215 1721 ὥστε
236 1652 462 1740 ἑβδομήκοντα
474 1658 577 1737 ,μνῶν
597 1656 635 1719 ἐν
653 1665 721 1730 τοῖς
741 1655 821 1719 δέκα
840 1658 926 1720 ἔτεσι
944 1651 1077 1738 τροφὴν

92 1750 94 1755 ’
129 1750 258 1833 τούτων
272 1747 350 1835 ἡμῖν
371 1747 592 1835 ἀνηλωκότων
611 1747 649 1815 τδ
671 1747 788 1833 περιδυ
805 1747 865 1828 τάς
882 1751 1077 1829 ἑπτακοσίας
1084 1777 1132 1833 825

129 1852 329 1930 προστύδημι
347 1842 474 1931 αὐτοῖς,
496 1845 696 1914 καὶτούτων
711 1854 812 1916 πλείω
828 1849 893 1934 εἰμὶ
907 1847 1080 1928 τεθεικώς.

128 1939 191 2010 δ’δ’
205 1944 275 2026 ἐμοὶ
287 1945 521 2027 δοκιμασθέντι
531 1948 780 2068 παρέδοσανκαὶ
790 1944 914 2014 ὅσονεί
899 1945 999 2032 ίςτὴυ
1010 1947 1077 2014 πό-

100 2068 103 2074 ·
128 2046 181 2107 λιν
193 2040 435 2126 είσενηυόχασι,
456 2049 554 2110 τοῦτο
573 2041 638 2111 ἀπὸ
653 2071 720 2113 των
738 2043 824 2113 ὀκτω
813 2043 1075 2114 ταλάντωνκαὶ

87 2142 188 2214 37τοῦ
200 2136 383 2221 προσόντος
400 2135 597 2227 ἀφαιρετέον
614 2147 711 2210 ἐστίν.
744 2140 912 2211 ἀπέδοσαν
927 2143 988 2229 μὲν
1004 2153 1075 2212 τοί-

127 2260 192 2302 νυν
212 2225 310 2313 οάτος
326 2239 380 2304 καί
397 2243 602 2326 Θηριππίδης
623 2246 703 2325 μίαν
648 2243 775 2308 ίκαὶ
785 2241 961 2325 τριάκοντα
976 2251 1074 2327 μνάς,

128 2330 285 2417 είσφορας
301 2331 332 2400 δ
351 2340 592 2422 εἰσενηνοχέναι
614 2344 797 2423 λογίζονται
816 2344 913 2408 δυοῖν
933 2340 1075 2418 δεούσας

127 2440 231 2501 εἴκοσι
247 2440 340 2518 μυάς.
375 2431 439 2518 έγά
458 2433 490 2502 δ’
503 2432 703 2521 ὑπερβαλων
718 2444 817 2505 τοῦτο
834 2437 961 2524 ποιήσω
978 2437 1074 2520 τριά-

126 2554 228 2597 κοντα
248 2537 343 2615 μνᾶς,
365 2535 421 2599 ἵνα
441 2530 524 2615 πρὸς
547 2540 651 2601 ταῦτα
670 2534 748 2620 μηδ’
757 2533 924 2607 ἀντειπεῖν
941 2540 1070 2621 ἔχωσιν.

126 2626 253 2695 ουίιοῦν
263 2623 307 2696 ἀν
317 2626 458 2715 ἀφέλητε
474 2628 511 2698 τδ
523 2632 686 2701 τάλαντον
696 2630 761 2701 ἀπδ
771 2641 840 2701 τῶν
851 2632 936 2702 ὀκτιδ
948 2635 1072 2702 ταλάν-
1091 2644 1095 2652 ’

125 2749 209 2808 των,
228 2724 359 2793 ἀπτάτά
376 2727 650 2814 λειπόμενάέστι,
672 2733 726 2816 καὶ
736 2729 848 2814 ταῦτ’,
870 2735 904 2812 ἐξ
916 2723 965 2799 ιδν
976 2730 1073 2799 αὐτοὶ

75 2866 78 2871 -
124 2827 237 2907 λαβεῖν
259 2819 475 2907 ὁμολογοῦσι,
502 2826 643 2903 τούτους
663 2831 748 2910 ἔχειν
766 2829 856 2895 ἐστὶν
877 2827 1069 2914 ἀναγκαῖον.

124 2922 222 2985 τοῦτο
240 2923 371 3005 τοίνυν,
393 2925 425 2996 εί,
439 2922 494 2989 καὶ
509 2920 612 2990 τάλλα
628 2921 736 2989 πάυτα
752 2921 996 3014 ἀποστεροῦσιν
1007 2925 1070 3011 ἀρ-

124 3014 282 3131 νούμενοι
298 3014 342 3105 μὴ
354 3021 455 3102 ἔχειν,
477 3016 663 3089 ἀποδοῦναι
677 3031 844 3108 προσῆκεν
862 3023 1082 3109 ὁμολογοῦν.

81 3137 181 3192 agtus
191 3138 228 3194 γε
240 3121 353 3199 λαβειν
364 3141 467 3185 ταυτα
476 3119 513 3185 ἐκ
523 3140 592 3184 των
602 3120 700 3202 ἐμων
732 3145 798 3187 νυν
809 3121 844 3188 δὲ
855 3130 889 3188 τί
897 3129 1068 3199 ποιουσιν

122 3211 221 3328 ἔργον
231 3211 293 3292 μὲν
304 3211 404 3279 οὐδὲν
415 3210 641 3296 ἀποφαίνουσι
651 3229 718 3294 τοις
728 3212 908 3303 χρήμασιν,
930 3216 1014 3286 αάτιι
1001 3215 1080 3290 δὲ,

122 3304 162 3371 τά
174 3301 298 3391 ἀρχαια
315 3306 424 3374 πάντα
440 3307 647 3395 ἀνηλωκέναι
665 3318 746 3398 φασὶ
761 3313 829 3383 σὺν
840 3328 910 3394 ταῖς
921 3317 1001 3383 ἑπτα
988 3311 1068 3393 καὶ

122 3403 468 3496 έβδομηκονταμναλς·
490 3413 1068 3530 Δημοφωνδὲκαλπροσοφείλοντας
