2318 3894
71 240 73 244 ’
152 249 215 315 ³12
357 251 465 309 xxvu
487 243 901 307 ΔΗΜοΣοαΝονΣ

153 438 233 499 κην,
241 413 304 479 καὶ
315 407 475 496 λαμβάνει
491 403 581 473 τότε
597 408 765 489 χρυσία
727 428 784 489 της
793 401 916 489 μητρός
926 402 1027 472 καί
990 431 1032 473 τα
1044 409 1104 474 ἐκ·

153 508 292 596 πόματα
303 535 342 574 τα
331 505 625 590 καταλειφθέντα.
654 495 717 570 καὶ
720 527 824 569 ταυτα
836 501 875 587 μ
876 528 897 569 υ
908 501 952 582 69
963 509 1009 582 είς
1019 528 1104 572 που·

152 597 1104 695 τήκονταμυᾶςείχευ,ἕτιδδτόνάνδραπόδωνπιπρασκο-

24 725 26 730 ·
152 711 263 792 μένων
272 702 362 785 παρά
370 727 406 778 τε
418 704 566 787 Θηριππί
551 702 626 765 ίδου
637 698 927 784 καὶΔημοφῶντος
937 696 995 778 τάς
1004 698 1103 785 τιμάς

153 803 348 888 ἐλάμβανεν,
360 799 421 877 ἕως
432 795 686 883 ἀνεπληρώσατο
697 793 759 882 τὴν
768 809 898 882 προῖκα,
908 795 967 876 τάς
977 795 1102 884 ὀγδοή-

111 911 145 965 14
153 927 254 970 κοντα
264 906 358 986 μνᾶς.
380 899 436 966 καὶ
448 894 666 983 ἐπειδὴείχεν,
673 898 804 963 ἐκπλεῖν
816 898 944 981 μέλλων
956 901 1002 974 είς
1011 897 1102 979 Κέρ-

142 992 261 1085 ’,κυρόιν
277 995 473 1083 τριήραρχος
491 993 660 1080 ἀπέγραψε
676 1000 779 1061 ταῦτα
797 991 879 1079 πρός
891 999 1102 1081 Θηριππίδην

92 1128 100 1150 .
142 1101 269 1184 ,ἔχοντα
286 1093 406 1165 ἑαυτὸν
421 1095 477 1163 καὶ
495 1090 658 1180 ὁμολόγει
677 1099 874 1178 κεκομίσθαι
883 1091 952 1177 ’τὴν
968 1107 1100 1183 προΐμα.

153 1197 211 1264 καί
220 1201 352 1282 πρῶτον
363 1193 424 1279 μὲν
434 1191 563 1260 τούτων
571 1193 749 1277 ΙΔημοφῶν
757 1193 813 1258 καί
824 1195 1047 1277 Θηριππίδης,
1070 1193 1151 1268 οίειε

155 1292 277 1361 τούτου
294 1295 546 1376 συνεπίτροποι,
567 1290 731 1377 μάρτυρές
748 1295 846 1356 εἰσιν·
874 1293 922 1358 ἔτι
937 1289 973 1359 δὲ
990 1288 1104 1371 καλός

156 1389 256 1470 αάτός
268 1387 429 1477 ὡμολόγει
439 1387 533 1457 ταῦτ’
546 1393 648 1474 ἔχειν,
673 1387 872 1475 Δημοχάρης
890 1414 925 1456 τε
941 1387 1104 1458 όΛευκν

153 1486 267 1571 νοεάς,
289 1485 381 1573 ὁτὴν
396 1490 518 1572 τηθίδα
527 1484 589 1573 τὴν
599 1483 683 1572 ἐμὴν
693 1492 794 1578 ἔχων,
815 1488 870 1554 καὶ
881 1485 976 1555 ἄλλοι
985 1490 1105 1563 πολλοὶ

112 1600 145 1657 15
154 1611 318 1674 μαρτυρες
333 1585 518 1670 γεγόνασιν.
553 1582 594 1657 06
611 1583 677 1671 γόρ
695 1585 844 1664 διδόντος
866 1586 987 1654 τούτου
1008 1583 1117 1660 σίτου,

153 1712 194 1772 τη
182 1684 313 1771 μητρὶ,
324 1680 517 1767 τηυπροσκιι
528 1686 677 1778 ἔχοντος,
689 1680 811 1750 ουδὲ
776 1709 837 1751 τον
848 1683 941 1758 οἷκον
952 1694 1103 1771 μισθοῦν

155 1785 339 1864 ἐθέλοντος,
357 1775 440 1845 ἀλλά
451 1775 530 1863 μετὰ
541 1786 610 1846 τόν
626 1777 737 1847 ἀλλων
748 1782 934 1867 ἐπιτρόπων
946 1787 1104 1906 διαχειρί-

155 1887 221 1961 ζειν
233 1874 420 1960 ἀξιοῦντος,
439 1876 613 1964 ἐποιήσατο
630 1875 749 1963 λόγους
766 1879 849 2002 περὶ
858 1883 987 1951 τούτων
998 1909 1016 1950 ο
1003 1880 1103 1968 Δη-

155 1975 308 2065 μοχάρης.
351 1967 502 2054 οὖτοςδ’
525 1973 673 2055 οἰκούσας
701 1975 774 2045 οὔτ’
799 1975 1029 2066 ἠμφισβήτησε
1056 2006 1101 2101 μη
1142 2001 1145 2007 ’

129 2082 240 2168 Ιἔχειν
268 2074 348 2146 οὔτε
375 2072 562 2161 χαλεπως”
539 2099 679 2161 ηνεγκεν
701 2072 746 2154 69
768 2071 831 2143 οὐκ
852 2076 1025 2162 εἰληφός,
1032 2074 1100 2144 ἀλλ’

157 2173 320 2261 ὡμολόγει
330 2179 389 2242 καί
395 2200 427 2242 τι
438 2170 560 2260 μικρὸν
570 2177 632 2260 ἔφη
649 2171 733 2260 πρός
742 2199 805 2261 την
815 2174 897 2261 ἐμὴν
908 2180 1030 2261 μητέρα
1042 2199 1103 2243 πε-

156 2275 189 2359 ρλ
207 2276 387 2360 χρυσιδίων
407 2270 653 2358 ἀντιλέγεσθαι·
671 2270 764 2341 τοῦτ’
783 2265 849 2342 οόν
870 2273 1103 2361 διευκρινησά-

156 2398 255 2459 μενος
270 2374 326 2466 καὶ
341 2366 487 2459 περὶτῆς
501 2370 628 2459 τροφῆς
641 2373 696 2440 καὶ
712 2375 786 2458 περὶ
802 2381 870 2440 τόν
881 2370 993 2440 ἀλλων
1004 2372 1103 2458 ποιή-

115 2492 149 2548 16
157 2491 228 2540 σειν
240 2470 347 2550 οὕτως
358 2468 437 2539 ὥστ’
450 2475 536 2557 ἔχειν
546 2495 601 2556 μοι
613 2471 722 2539 πάντα
732 2478 849 2549 καλῶς.
856 2498 859 2506 ·
877 2476 984 2538 καίτοι
996 2475 1027 2536 εί
1035 2495 1104 2554 φα-

156 2571 292 2655 νησεται
311 2569 394 2655 πρός
415 2594 450 2636 τε
472 2566 532 2636 τόν
551 2568 754 2656 Δημοχάρην
771 2567 867 2663 ταῦθ’
883 2565 1104 2656 ὡμολογηκώς

156 2669 211 2733 καὶ
221 2689 304 2748 προς
313 2691 393 2745 τους
389 2665 526 2746 αλλους
536 2673 572 2734 ολ
586 2675 749 2754 παρῆσαν,
767 2669 857 2754 παρά
868 2694 904 2736 τε
913 2693 975 2736 του
959 2675 1104 2754 Δημο-

156 2768 287 2848 φῶντος
296 2764 353 2830 καὶ
369 2788 430 2830 που
415 2759 591 2850 Θηριππί
576 2769 651 2832 ίδου
666 2790 735 2832 των
752 2764 973 2854 ἀνδραπόδων
985 2761 1078 2845 είς
1040 2790 1104 2884 την

76 2903 78 2913 x
156 2872 276 2946 προῖκα
286 2856 345 2938 τάς
354 2858 449 2946 τιμάς
463 2860 624 2948 εἰληφός,
647 2858 796 2940 αὐτόςλί
800 2862 929 2933 ἑαυτὸν
944 2863 1077 2950 ἔχειν
1041 2889 1104 2950 την

155 2971 275 3045 προικα
286 2954 481 3046 ἀπογράψας
488 2957 577 3046 πρὸς
583 2957 661 3039 τοάς
670 2962 942 3053 συνεπιτρόπους,
954 2968 1057 3031 οίκῶν
1067 2984 1104 3028 τε

154 3057 217 3144 τὴν
228 3055 456 3145 οίκίανίπειδη
473 3056 607 3144 τάχιστα
623 3057 835 3145 ἐτελεύτησεν
851 3056 869 3129 ό
886 3056 1010 3146 πατὴρ,
1033 3065 1104 3137 πῶς

155 3155 218 3223 οάκ
235 3159 270 3222 ἐκ
288 3154 422 3224 πόντων
436 3152 706 3242 ὁμολογουμένου
722 3165 784 3225 τοῦ
800 3158 990 3245 πράγματος
1006 3154 1105 3243 εὗρε·

156 3251 296 3338 θήσεται
306 3261 459 3338 φανερῶς
474 3253 536 3340 τὴν
552 3268 674 3339 προῖκα
680 3306 690 3339 ,
709 3254 768 3335 τάς
785 3254 991 3344 ἀγδοήκοντα
1007 3263 1103 3341 μνᾶς,

96 3387 103 3398 1
158 3351 392 3435 κεκομισμένος
402 3353 456 3419 καὶ
467 3359 542 3450 λίαν
552 3349 695 3432 ἀναιδῶς
712 3353 756 3439 μὴ
772 3361 888 3440 λαβεῖν
904 3349 1104 3438 ἐξαρνούμε-
