2318 3894
192 246 336 310 RATA
355 248 815 314 ΑΡΙΣΤΟΧΡΑΤΟῬΣ
910 249 973 316 165

39 406 670 520 ληρισάδουριαλἏμαδόκου,τηνβρισιλελαν
632 394 756 518 ανλμερ
753 419 841 479 λ.σατο
875 413 974 499 ελχεδὲ

39 518 185 578 τρατηηον
200 520 216 559 ο
205 490 290 576 ’μὲν
299 495 553 608 Κερσοβλέπτης
533 524 573 575 ως
590 506 717 582 συγγενῆ
728 494 780 562 τὸν
779 505 973 605 Χαρίδημον,
1048 576 1050 580 Ι

45 579 79 643 δὲ
90 576 262 689 Βηρισάὸης
271 604 337 643 τινα
326 575 580 683 Ἆθηνόδωρον,’
573 591 735 729 Αθηριυῐον
745 579 841 663 φύσει,
851 579 975 649 ’6666-

39 668 132 763 ῆθεν
155 657 172 725 6
193 664 224 726 δὲ
238 660 398 744 Ἀμάδοκος
420 660 474 727 666
495 661 672 768 στρατηηοάς
693 663 764 747 εἶχε,
786 672 909 768 Σλμρονα
924 669 976 731 κοιλ

39 742 164 827 λιάνορα.
188 749 231 809 λδλ
231 771 250 834 ρι
261 751 305 810 ’τολ
306 774 360 810 νυν
371 748 489 823 ἕκαστος
500 756 559 812 τῶν
569 753 712 853 βασιλέων
722 748 907 834 η’θελεχαριν
915 760 975 826 τοῖς

39 832 147 935 λθηναλ
146 853 191 904 οις
201 810 384 934 ποιήσασθαι
395 826 483 894 διά
455 857 487 894 το
500 827 622 914 ἔχειν’
586 828 692 908 αυτοῦς
703 857 716 897 ε
717 829 957 916 λςσυμμαχλαν’
926 860 974 898 ευ-

39 936 124 994 ινιις,
131 932 172 976 κα
173 910 459 1017 συμβουλευσαντος
467 940 518 979 τοο
505 915 698 1000 Χαριδημου
707 921 812 981 δουναι
821 942 907 1003 κοινρ
914 943 974 993 τοις
982 938 1035 994 620

39 995 231 1079 λθηναλοις
200 1023 255 1080 την
263 995 448 1102 Χερρόνησον
459 1000 637 1103 ἐπείσθησαν
648 1005 679 1064 ολ
685 1006 812 1083 βασιλεῖς
822 1003 872 1063 καλ
883 999 972 1065 6666—

39 1100 96 1145 ασι.
130 1087 218 1144 τοῦτο
233 1078 351 1186 φνόιτες
363 1077 407 1145 οῖ’
403 1079 594 1164 Αθηναῖοι
564 1108 617 1148 τον
603 1091 691 1187 Χαρ
692 1088 798 1164 λδημον
809 1081 972 1185 ἒστεφάνω·

39 1191 75 1229 αν
77 1158 127 1267 ὦς
138 1157 292 1269 εάερφὲτην
305 1160 509 1270 αὖτῶνχροσρῖ
520 1164 687 1271 στεφάνω,
693 1168 744 1229 καλ
754 1161 843 1230 θετὸν
853 1172 974 1269 πολίτην

39 1240 110 1314 6666
122 1248 305 1350 ἔποιησαντο.
334 1244 422 1351 γνολις
433 1244 487 1312 66
475 1275 491 1314 ο
501 1231 695 1352 Χαρῖδημος”
679 1275 724 1314 οτι
736 1256 884 1352 φιλοῦσιν
883 1275 974 1313 αοτον

39 1328 167 1435 ληλροσεν
185 1327 285 1435 αάροῖς
303 1329 354 1396 666
370 1357 448 1407 τινος
464 1329 701 1435 Ἀριστομάχοο“
683 1360 736 1413 ως,
759 1327 798 1395 66
812 1330 974 1435 ποιησωσιν

39 1413 188 1519 σφάλειολν
201 1410 282 1503 αὐτῷ
301 1417 367 1500 περλ
383 1423 434 1519 τῆς
451 1422 503 1479 τοῦ
513 1412 644 1520 σάρατος
639 1423 789 1562 ίφυλακῆρ
801 1417 852 1479 καλ
863 1440 907 1480 οτι
918 1440 973 1479 ουκ

39 1497 246 1603 τιβρυλεάτται,
257 1481 427 1562 6666666’
388 1507 489 1574 αυτοῖς
499 1524 554 1581 την
562 1495 653 1603 Ἀμφλ
651 1507 746 1604 πολιν,
758 1498 974 1602 αφοιιροάμενος

39 1578 116 1689 άτὴν
132 1585 168 1648 λκ
183 1590 251 1648 τοῦ
246 1588 414 1647 Φιλίππου.
444 1576 687 1686 Ἀριστοκράτης
685 1573 740 1647 οὖν
759 1609 802 1658 τις
815 1577 973 1689 Ἀθηναῖος

39 1662 172 1752 λιργέτης
181 1663 796 1773 ὕπειλημμένοςέγραψετοιοῦτοψηφισμα·
810 1663 973 1769 ὁφονεάων

39 1744 229 1897 [αρλιλημον’
213 1746 360 1858 67666666
378 1752 464 1831 ἔστω,
483 1757 550 1814 τοῦτ
554 1745 659 1814 ’ἔστιν
670 1752 770 1826 ακτλος
783 1746 867 1815 ἐπὶ
840 1776 872 1814 το
884 1758 971 1814 κολα-

39 1842 148 1938 θηναι·
176 1828 228 1898 λάν
239 1835 272 1897 δέ
286 1858 344 1914 τις,
357 1835 461 1939 φησλν,
479 1827 659 1936 άφέληται
631 1860 683 1898 τον
694 1827 874 1917 άγολγιμονη
862 1830 971 1909 πόλις

48 1915 169 2023 λιλρολτης
181 1919 232 1981 καὶ
244 1912 282 1993 ὡς
294 1920 384 1980 εἰπεῖν
395 1910 633 2005 άντιλάβηται’
596 1924 702 2020 αυτρῦ,
726 1920 885 1993 ἔκσπονδος
899 1920 971 1987 ἔστω

39 2010 78 2066 66
85 1996 282 2148 Ἀθηηαλων.ί
302 1995 464 2104 Εάθυκλης
479 2001 513 2064 δέ
527 2025 570 2075 τις
584 1995 765 2104 Θριάσιος
737 2025 789 2064 τον
799 2004 894 2104 δημον
906 2003 970 2064 ἕπε-

39 2083 142 2190 ιλβιτο
133 2093 187 2149 τοῦ
198 2088 386 2167 ψηφίσματος
397 2080 436 2159 ὡς
447 2090 545 2158 κακῶς
555 2079 707 2187 ἔχοντος,
688 2109 728 2158 οος
736 2081 910 2186 παρανόμου
920 2085 971 2147 καλ

40 2167 198 2275 συμφόρου
221 2170 271 2232 καλ
290 2170 499 2270 γεγραμμένου
511 2161 600 2250 άνδρλ
621 2161 741 2254 ιἰναξλρο.
775 2157 859 2269 οὗτρς
873 2161 972 2248 λαβὼν

39 2249 99 2355 ’ρρά
110 2279 164 2317 τον
150 2254 389 2355 Δημοσθένους
399 2246 451 2314 τὸν
444 2247 567 2356 λόγον,
573 2253 692 2354 χρυσίον
702 2245 913 2358 παρασρῶν,
883 2274 972 2352 κατη-

39 2332 99 2433 άρει
108 2361 162 2401 τοο
149 2330 420 2439 ᾈριστοκράτους.
442 2330 520 2416 ὁρῶν
531 2326 585 2399 οὖν
595 2358 611 2397 ο
600 2329 762 2434 ’ῥητωρ
729 2357 784 2413 την
794 2326 913 2413 απλην
899 2355 971 2396 οπο

39 2414 107 2492 6666
124 2416 287 2523 ἰσχύουσαν
303 2419 401 2505 μὲν
372 2443 412 2482 τω
400 2418 560 2523 νομίμῳ,
582 2412 814 2480 κινδυνεύουσαν
832 2414 863 2478 δὲ
880 2408 968 2477 δια
939 2439 971 2478 το
1058 2460 1069 2483 .

39 2510 226 2606 ιροτιμοῖσθαι
240 2526 273 2567 το
262 2483 481 2607 συμφλρον”
445 2526 504 2605 της
507 2498 589 2579 άξλας
602 2495 725 2564 ἑκάστου
735 2505 795 2563 τῶν
805 2494 971 2601 λαμβανόν-

39 2612 79 2653 w
93 2583 259 2689 πολλάκις,
277 2589 329 2649 καλ
345 2582 504 2688 μάλιστα“
487 2608 558 2649 οταν
575 2585 730 2667 στρατηγοὶ
746 2580 911 2687 τυγχάνωσι
922 2583 973 2645 καλ

39 2674 151 2749 Ιιλσλοξοι
163 2671 215 2734 καὶ
227 2694 282 2751 την
292 2666 379 2735 πόλιν
369 2662 971 2774 6667666666036656666616090169-

39 2757 183 2839 ῑοβλλπτοο
195 2774 354 2855 στρατηγος
364 2778 380 2817 ο
369 2745 573 2857 ‘6666666'
535 2778 627 2817 αοτου
615 2755 712 2863 ἔριον
723 2754 774 2815 καλ
785 2746 835 2815 666
846 2776 878 2815 το
866 2745 973 2829 δόξαι

39 2839 128 2914 λιτοῖς
141 2831 219 2902 κατά
222 2861 290 2940 την
299 2832 484 2937 Χερρόνησον
499 2825 532 2901 εὖ
548 2845 643 2901 ποιεῖν
653 2839 778 2935 Αθηναλ
776 2861 827 2911 ους
845 2836 973 2942 αλρεθελς

39 2915 182 3007 κρατηγὸς
193 2913 285 3023 αὐτῆς
295 2927 346 3004 τῆς
357 2915 475 3024 πόλεως,
488 2920 587 3023 ἑτέραν
600 2923 712 3025 ἐξεῦρεν
722 2916 893 2983 υπόθεσιν’
879 2942 911 2981 εκ
922 2943 973 3021 της

39 3005 130 3080 ιλκελας
154 2998 367 3106 δεινότητος,
355 3029 439 3106 ην
414 3002 577 3068 ἐπιπλέκων
593 3002 742 3105 ταράττει
745 2997 796 3066 τὸν
813 3025 971 3101 ακροατην,
982 3011 1034 3067 621

39 3083 150 3164 φάσκων
166 3084 339 3197 γεγράφθαι
349 3109 381 3149 το
390 3083 534 3192 ψηφισμα
550 3088 597 3151 πλ
608 3082 838 3172 Χερρονησωτ
863 3081 973 3160 πόλεως
1085 3160 1088 3165 ,

39 3168 159 3273 λήματι.
181 3170 221 3248 ὡς
232 3167 288 3237 οὖν
298 3168 369 3236 ὄντα
380 3169 567 3270 ἀμφοτέρων,
584 3178 636 3235 τοῦ
646 3196 676 3234 τε
688 3174 818 3272 Χερσοβλ
855 3176 906 3233 666
923 3171 973 3232 καλ

40 3275 81 3316 ιιο
67 3251 236 3337 δήμου
195 3282 255 3321 των
263 3253 439 3356 Ἀθηναλρον,
451 3252 626 3358 βουλόμενος
641 3262 745 3319 τοῦτον
756 3246 912 3358 άποτρχεῖν
921 3278 973 3333 της
1068 3278 1072 3283 ·

44 3336 56 3395 λ
104 3366 138 3416 ας
155 3343 364 3453 Δημρσθλνης
372 3364 437 3442 την
448 3334 522 3402 κατὰ
544 3365 604 3441 την
620 3335 808 3442 Χερρόνησον
828 3333 974 3402 ὑπόθεσιν

46 3359 236 3570 ἕλξασινίὶ’
209 3451 255 3570 ειρ
266 3420 401 3576 ρπιρψλαν
417 3417 498 3506 6666
509 3416 576 3499 τοὺς
586 3415 765 3504 άκοάοντας,
788 3423 839 3567 ιΙιριλ
850 3415 975 3501 φάσκων

100 3525 179 3569 επιοιε
256 3536 271 3570 ο
466 3544 469 3550 ‚
