2318 3894
361 204 798 300 ιιιτΑΛσοεονΑζ
981 235 1044 300 ιιι

96 401 298 486 κεκτημένον
308 401 364 467 καί
375 402 471 466 δυοῖν
481 400 612 483 τέχναιν
623 394 900 482 ἐπιμελούμενον,
919 386 968 464 (δν
977 396 1044 463 δά-

96 524 195 582 τερον
205 498 423 584 ἐργαστήριον
434 502 480 575 είς
490 493 549 574 τάς
560 501 675 572 κλίνας
685 495 807 582 ῥᾳδίας
817 493 880 560 δύο
890 498 975 578 μνᾶς
983 500 1045 560 τοῦ

97 594 201 683 μηνὸς
212 594 392 682 ἀνήλισκεν
402 593 596 679 ἐλέφαντος,
607 590 645 659 τὸ
658 593 694 658 δὲ
706 603 973 676 μαχαιροποιεῖον
983 588 1046 658 οάκ

96 689 265 777 ἔλαττονῆ
276 693 567 776 τοσοῦτονέτερον,
575 687 640 757 σδν
650 688 916 777 σιδήρφ,·τοῦτον
926 685 970 755 06
980 713 1047 774 φα·-

98 809 132 858 σι
142 793 333 858 καταλιπεῖν
344 787 444 858 οὐδὲν
452 788 597 856 τούτων·
621 793 666 865 είς
681 782 774 863 τοῦτ’
788 783 955 864 ἀναιδείας
970 789 1047 871 έλη-

53 903 88 956 36
99 888 254 956 λνθασιν
276 913 328 954 οτι
338 878 454 972 μὲν
409 911 473 954 ουν
483 911 525 952 ου
536 903 635 952 πιστα
623 883 857 971 λέγουσι,καὶ
868 891 903 953 ἐκ
913 909 1045 953 τουτων

100 1012 211 1054 αντων
222 984 341 1077 ρηδιον
351 987 419 1053 ἐστι
428 993 560 1071 μαθεῖν
583 979 682 1049 ὅτιδ’
693 985 818 1062 ἐκεῖνος
827 987 978 1053 κατέλιπε
987 1007 1047 1050 το·

100 1090 222 1150 σοῦτον
232 1109 270 1150 το
260 1082 412 1204 πλῆθος
431 1082 515 1150 ὥστε
534 1075 578 1165 μὴ
590 1078 696 1165 μόνον
705 1076 823 1147 ίκανδν
834 1079 917 1147 εἶναι
928 1098 1047 1165 κατερ-

99 1178 256 1262 μάζεσδαι
266 1172 364 1257 τοῖς
347 1203 468 1246 εαυτου
453 1182 695 1263 δημιουργοῖς,
708 1175 792 1246 ἀλλά
803 1180 858 1247 καλ
863 1204 913 1267 τφ
898 1185 1047 1267 βφυλο-

100 1278 188 1395 μέηφ
200 1285 447 1397 προσωνεῖσθαι
457 1281 525 1342 τοῖν
534 1272 661 1359 ἀλλων,
678 1277 808 1343 ἐκεῖθεν
818 1273 983 1360 φανερὰν,
994 1273 1047 1343 ὅτι

100 1371 230 1450 αὐτόςτ
233 1371 376 1441 ’ἐπιίλει
394 1379 470 1453 ζῶν·
476 1374 532 1440 καλ
543 1378 718 1458 Δημοφῶν
733 1365 846 1440 καλ
804 1398 901 1451 ουτος
910 1398 971 1442 τον
982 1397 1048 1441 τια-

97 1467 249 1555 τρδςῆδη
260 1470 528 1556 τετελευτηκότος
539 1474 575 1538 έκ
591 1477 649 1556 τῆς
660 1475 762 1548 οίκίας
778 1468 835 1557 τῆς
846 1474 923 1557 ἐμῆς
933 1467 1048 1539 ἀπεδί

55 1571 196 1638 33δοντο
218 1581 286 1646 τοῖς
306 1571 530 1658 βουλομένοιςτ
565 1575 672 1636 καίτοι
691 1567 797 1636 πόσον
818 1565 893 1636 τινὰ
909 1566 970 1654 χρὴ
988 1567 1048 1636 τὸν

98 1668 363 1750 καταλειφθέντα
372 1672 516 1753 νομίζειν
528 1665 626 1750 εἶναι,
639 1665 720 1734 ὅταν
729 1672 885 1752 φαίνηται
894 1666 1049 1752 τηλικοά-
1134 1670 1143 1697 ¹

98 1787 165 1839 τοις
177 1787 211 1828 τε
223 1764 446 1848 ἐργαστηρίοις
462 1768 609 1850 ἐξαρκῶν
623 1765 679 1831 καὶ
694 1765 793 1851 χωρίς
812 1761 959 1832 ὑπὸ-τῶν
975 1767 1048 1831 έπι-

99 1859 233 1944 τρόπωυ
255 1860 533 1945 πιπρασκόμενοςς
565 1854 613 1942 ἀρ’
635 1857 764 1946 ὀλίγον,
786 1857 855 1929 ἀλλ’
872 1857 915 1928 06
935 1867 1047 1950 πολλῷ

102 1962 202 2023 πλείω
213 1963 282 2022 τῶν
292 1958 557 2041 ε’γκεκλημένων;
580 1957 659 2044 λαβὲ
671 1963 790 2047 τοίνυν
798 1957 857 2036 τάς
867 1964 1047 2046 μαρτυρίας

99 2054 236 2122 ταυτασὶ
257 2056 312 2121 καί
322 2050 498 2140 ἀνάγνωθι
507 2051 627 2131 αὐτοῖς.

443 2226 704 2308 ΜᾼΡΤῬΡΙΑῙ.
1035 2270 1040 2279 .
1057 2241 1109 2296 824

189 2346 320 2415 Τούτου
335 2351 452 2414 τοίνυν
469 2353 532 2413 τοῦ
549 2344 729 2430 ἐλέφαντός
749 2345 817 2411 ἐστι
830 2346 935 2411 πλέον
950 2338 973 2429 ἢ
982 2343 1050 2410 -τά-

101 2442 278 2530 λαντον,
258 2440 300 2511 ὸν
318 2441 395 2510 οὔτε
410 2468 516 2510 αντον
526 2467 604 2510 οντε
614 2467 653 2510 το
641 2439 765 2527 ἔργον
774 2465 831 2527 μοι
841 2437 1051 2526 ἀποφαίνον-

101 2564 165 2627 σιν,
176 2539 260 2610 ἀλλά
270 2543 326 2609 καὶ
338 2546 461 2608 τοῦτον
471 2538 577 2627 ἀρδην
587 2538 808 2626 ἀφανίζουσιν
817 2537 928 2609 ὅλον.

58 2668 93 2721 34
175 2639 246 2708 Ἒτι
254 2646 381 2723 τοίνυν,
394 2666 421 2707 ω
409 2628 552 2726 ἀνδρες
563 2641 710 2707 δικασταὶ
710 2661 817 2725 παρα
826 2663 886 2706 τον
896 2635 1028 2723 λόγον““
1008 2664 1049 2707 ον

102 2737 345 2858 ἀποφέρουσιν,
365 2727 448 2816 ἐξ
419 2763 469 2804 ων
486 2734 581 2805 αὐτοὶ
596 2743 710 2823 λαβεῖν
721 2732 956 2824 ομολογουσιν,
976 2740 1049 2805 έπι-

104 2832 231 2914 δείξατ’
212 2849 293 2919 υμῖν
303 2849 392 2919 τρεῖς
407 2861 468 2920 μεν
485 2833 583 2914 ὄντας
599 2832 723 2915 αὐτοδς
739 2832 906 2922 πλέονη’
889 2836 976 2904 οκτιδ
988 2835 1049 2902 τά-

105 2939 206 2998 λαντα
217 2933 331 2998 ἐκτῶν
342 2934 432 3017 έμοὸν
443 2938 585 3020 ἔχοντας,
598 2931 706 3023 ίδληδ
720 2936 759 3001 ἐκ
768 2932 1049 3018 τούτων”Αφοβον

103 3034 176 3112 τρία
186 3027 392 3096 τάλαυτακαῖ
402 3034 505 3114 χιλίας
515 3029 731 3119 είληφόπα,τά
740 3027 768 3098 τ’
778 3027 973 3115 ἀνηλωμένα
983 3031 1051 3114 χωέ

103 3130 153 3248 ρλς
170 3126 300 3195 τούτων
312 3133 413 3195 πλείω
429 3130 533 3208 τιθεὶς
550 3132 609 3198 καὶ
617 3127 681 3200 ὅσα
691 3131 728 3198 ἐκ
743 3124 872 3194 τούτων
882 3123 1048 3194 ἀπέδοσαν

102 3224 277 3349 ἀφαιρῶν,
288 3231 322 3294 ἵν
319 3217 483 3312 ἐίδῆτε”
463 3253 514 3295 οτι
530 3225 574 3295 οά
591 3234 709 3346 μικροῖς
719 3222 848 3292 ἀναιδεῖ
835 3233 885 3303 ας
892 3250 935 3292 τα
923 3223 1049 3310 ’ἐγχει-

58 3343 92 3398 aa
102 3349 208 3412 ρηματ
233 3350 347 3395 ανταν
356 3327 452 3392 ἐστιν
482 3333 598 3414 λαβεῖν
613 3322 678 3410 γάρ
695 3326 732 3392 ἐκ
749 3325 916 3408 ταῖνέμῶν
927 3320 1049 3435 ὁμολο-

101 3431 219 3507 γοῦσιν
244 3413 343 3502 οὗτος
364 3421 460 3515 μέν’
442 3449 528 3494 οιιτω
517 3423 599 3491 καλ
621 3420 740 3492 ἑκατὸν
761 3429 861 3507 μνᾶς,
884 3403 1026 3502 χωρὶς
999 3437 1047 3479 ων
