2318 3894
65 254 69 262 '
153 241 216 305 386
352 240 475 300 XXXUI:
508 231 923 298 ΔΗΜΟΣΘΕΝΟΤΣ
1023 238 1033 246 ’

152 403 396 486 μενέσθαι,’καλ
408 397 491 467 ἀνευ
502 403 570 464 τάν
582 399 824 480 συνδιαιτητῶν
831 388 920 476 παρὰ
931 391 996 476 τὴν
1004 387 1113 478 ἀπόρ-

156 522 255 586 ρησιν
272 505 321 587 φῇ
339 498 581 585 δεδιῃτηκέναι,
603 501 674 573 πῶς
689 489 734 560 ἀν
749 491 855 581 τούτω
871 498 918 578 τῷ
936 487 1111 577 ἀνθρώπῳ

114 596 390 673 σκπιστεῦσαντες
408 598 541 670 δικαίως
557 591 611 676 ἐμὲ
627 589 837 669 ἀπολέσαιτε;
858 592 1034 669 σκέψασθε
1048 587 1111 673 χάρ

155 693 259 778 τοῦτ’,
283 719 308 761 ω
296 686 445 777 ἀνδρες
462 691 681 774 δικασταδ,ελ
650 695 740 774 ελμη
730 685 816 773 έμδ
830 688 924 772 νυνὶ,
946 683 1035 754 ἀλλά
1052 684 1113 754 τὸν

155 792 380 875 Παρμένοντα
377 785 537 855 έδίωκεν
532 787 742 871 Απατουριος
752 783 883 869 ουτοσλ
903 783 1112 869 εἰσπράττων

155 886 213 966 τάς
226 897 331 954 εἰκοσι
340 893 442 972 μνᾶς,
460 886 705 1006 ἰσχυριζόμενος
715 911 755 973 τη
742 881 1013 1004 Ἀριστρκλέους
1023 880 1158 967 νυοῦ-σοι

155 1005 222 1069 σει,
244 1011 263 1052 ο
252 983 317 1052 δὲ
327 987 516 1070 Παρμένων
533 985 650 1071 παρών
661 981 852 1068 ἀπελογεῖτο
866 979 949 1069 ὑμῖν
958 981 1071 1050 καὶ
1025 1007 1110 1068 μαρ-

95 1138 99 1147 .
155 1108 258 1167 τυρας
274 1090 471 1176 παρείχετο,
482 1089 581 1150 τοῦτο
599 1080 698 1179 affl
677 1109 729 1151 οτι
745 1079 788 1149 οῦ
803 1081 939 1170 μόνην
907 1106 955 1147 τω
943 1079 1110 1165 Ἀριστο-

114 1181 244 1269 mist,
265 1180 349 1251 ἀλλά
371 1190 469 1271 τρίτην
489 1185 702 1279 ἐπέτρεψεν,
705 1176 814 1247 ελθ’“
793 1202 845 1246 οτι
862 1177 1004 1247 ἀπεῖπεν
1021 1177 1110 1268 αὐτῷ

157 1280 240 1350 ἀνευ
250 1289 319 1349 τῦν
329 1286 570 1368 συνδιαιτητῶν
580 1276 661 1348 καθ’
674 1275 781 1347 αὑτοῦ
790 1303 834 1396 μη
825 1274 1108 1363 ἀποφαίνεσθαι,

59 1450 64 1464 ,
155 1379 241 1449 καλ
221 1406 272 1448 οτι
283 1378 488 1465 ἀπολομένης
499 1376 588 1468 ουτω
600 1403 659 1464 της
668 1401 826 1462 μυναικος
835 1376 890 1442 καλ
900 1380 1110 1445 τωνπαίδων

144 1475 222 1546 Aa&
242 1485 304 1545 τοῦ
322 1486 460 1563 σεισμοῦ
476 1479 532 1545 καὶ
549 1478 601 1545 ἐπὶ
616 1474 815 1563 τηλικαύτην
831 1471 1014 1593 συμφορὰν
1023 1471 1110 1542 ἀπά-

157 1601 275 1659 ραντος
295 1573 441 1644 οδκαδε“
424 1602 443 1642 ο
462 1574 521 1655 τάς
537 1571 748 1659 συνθήκας’
729 1569 900 1660 ηφανικάς
910 1571 1110 1692 έρήμηναῦ-

155 1700 216 1742 του
203 1676 268 1742 έυ
285 1699 324 1759 τη
312 1671 507 1760 ἀποδημία
524 1675 671 1764 κατεχνω
680 1697 742 1758 την
754 1676 897 1757 δίαιταν,
919 1669 1043 1738 έστιν“
1021 1689 1111 1748 οστις

155 1766 200 1837 ἀν
217 1767 312 1855 ὑμῶν
330 1776 433 1834 ταῦτα
443 1794 505 1835 του
490 1775 750 1855 ’Παρμένοντος
760 1758 1038 1854 ἀπολογουμένου
1049 1794 1112 1854 την

156 1866 244 1934 οὕτω
262 1891 462 1953 παραυομως
470 1876 684 1952 γνωσθεῖσαν
695 1873 823 1936 δίαιταν
832 1874 952 1953 κυρίαν
963 1873 1053 1953 ἔγνω
1063 1867 1110 1935 ελ-

113 1988 226 2047 34ναις
248 1964 292 2053 μὴ
310 1966 374 2051 μάρ
393 1964 444 2032 ὅτι
461 1963 814 2054 ἀμφισβητουμένων
796 1966 970 2051 ππάντων,
992 1962 1068 2032 ἀλλ’
1082 1970 1111 2032 εἰ

156 2057 242 2151 ἦσαν
259 2069 326 2151 μὲν·
335 2068 372 2131 αἱ
381 2074 564 2158 συνθῆκαι,
587 2063 826 2152 ιιμολογεῑτο-δ’
841 2059 1011 2144 εἷςεῖναιὸ
1024 2069 1110 2132 διαι-

157 2166 254 2250 τητὴς
266 2161 491 2250 Ἀριστοκλῆς,
512 2161 557 2251 μὴ
580 2161 696 2231 ἀπεῖπε
718 2165 753 2232 δέ
774 2160 793 2232 ὁ
810 2166 997 2252 Παρμένων
1019 2163 1110 2252 αὐτῷ

81 2330 89 2351 Ι
156 2262 239 2330 καθ’
253 2260 357 2331 αὑτοῦ
368 2261 412 2349 μὴ
425 2267 569 2349 διαιτᾶν,
582 2259 665 2331 ἀλλά
676 2265 799 2350 συνέβη
809 2265 889 2351 πρὶν
899 2261 961 2349 τὴν
973 2259 1108 2348 ἀπόφα-

157 2381 212 2429 σιν
214 2368 380 2448 χενέσθαι
389 2368 447 2448 τῆς
458 2360 612 2448 διαίτηςὴ
625 2361 781 2448 συμφορά
791 2369 838 2451 τῷ
855 2355 1044 2449 ἀνθρώπω,Ι
1060 2368 1106 2440 τίς

156 2459 263 2538 οὕτως
274 2458 361 2547 ὠμός
373 2463 462 2528 ἐστιν
473 2458 638 2540 ἀντίδικος
647 2456 670 2546 ἦ
680 2457 843 2547 διαιτητὴς
852 2455 889 2539 ῦς
900 2456 963 2526 οῦκ
974 2454 1020 2527 ἀν
1029 2457 1107 2527 ἀνε-

155 2556 274 2642 βάλετο
292 2563 337 2636 εἰς
352 2558 389 2625 τὸ
403 2561 599 2645 ἐπιδημῆσαι
608 2557 668 2627 τὸν
678 2559 877 2645 ἄνθρωπον;
897 2561 928 2625 εἰ
936 2555 969 2625 δ’
980 2555 999 2625 ὁ
1012 2564 1105 2640 Παρ-

155 2656 266 2738 μένων
294 2662 339 2734 είς
366 2656 468 2740 λόγον
488 2658 650 2735 καταστὰς
669 2663 839 2743 πανταχοῦ
860 2651 1038 2740 δικαιότερ’
1063 2650 1106 2721 ἀν

156 2756 306 2835 φαίνοιτο
323 2754 431 2836 λέγων
447 2754 585 2840 τοῦτον,
608 2762 678 2833 πῶς
687 2751 729 2820 ἀν
744 2754 857 2838 ὀρθῶς
873 2757 955 2839 ἐμοῦ
969 2780 1106 2838 καταγι-

155 2847 346 2932 γνώσκοιτε,
359 2840 386 2936 ᾦ
397 2847 435 2916 τδ
448 2850 606 2935 παράπαν
617 2849 700 2936 πρὸς
709 2851 769 2919 τὸν
779 2853 963 2938 ἀνθρωπον
973 2853 1106 2919 τουτονὶ

156 2946 258 3034 μηδὲν
269 2945 475 3034 συμβόλαιόν
485 2949 588 3028 έστιν;

114 3070 147 3124 35
232 3045 303 3114 Ὅτι
319 3047 380 3133 μέν
390 3039 455 3115 οῦν
465 3045 528 3132 ἐμοὶ
540 3049 601 3133 μέν
612 3045 724 3134 ὀρθῶς
734 3048 797 3136 τὴν
808 3048 1035 3137 παραγραφὴν
1046 3071 1104 3114 πε-

156 3151 309 3230 ποίημαι,
329 3144 542 3232 Ἀπατούριος
559 3147 595 3214 δέ
609 3145 650 3213 τά
667 3153 772 3235 ψευδῆ
789 3174 846 3234 μοι
862 3152 1038 3234 ἐγκέκληκε
1049 3146 1105 3213 καὶ

143 3342 214 3426 ’μαι
231 3341 449 3424 ἐπιδεδεῖχθαι
465 3349 566 3409 τοῦτο
582 3340 678 3429 ὑμῖν,
701 3337 729 3411 εδ
746 3343 865 3431 ἀνδρες
876 3348 1043 3413 δικασταί·
1064 3343 1102 3409 τὸ

156 3437 192 3508 δὲ
207 3437 405 3527 κεφάλαιον,
427 3437 510 3526 πρὸς
527 3441 582 3528 ἐμὲ
598 3440 671 3511 οὐδ’
686 3440 878 3530 ἐπιχειρήσει
888 3443 996 3527 λέγειν
1003 3440 1104 3508 ’Λιτα-
