2318 3894
170 247 233 312 178
346 248 459 307 'xxm
499 241 918 307 ΔΗΜΟΣΘΕΝΟΤΣ

168 408 345 494 πρόχειρον
356 409 429 490 ἔχει.
463 400 531 486 ότι,
554 394 712 487 ύάνδρες
720 398 906 490 Ἀθηναῖοι,
928 406 1028 472 δνοῖν
1040 399 1119 492 ἀμα-

167 517 246 575 θοῖν
259 505 373 573 όντοιν
382 509 485 570 πᾶσιν
494 499 705 587 ἀνθρώποις,
723 509 784 569 τοῦ
795 501 855 588 μὲν
866 500 1120 590 ἡγονμίυουκαλ

168 612 323 691 μεγίστου
338 602 490 685 πάντων,
500 608 563 668 τού
577 597 742 687 εύτυχεῖν,
753 610 815 669 τού
830 601 866 670 δὲ
876 603 1124 692 ἐλάττονος-μὲν

167 705 305 788 τούτου,
329 708 398 768 τοῖν
410 696 441 767 δ’
454 699 566 767 ἀλλων
577 705 748 785 μεγίστου,
769 708 831 767 τού
840 709 950 781 καλοῖς
961 701 1119 788 βουλεύε-

167 812 265 884 σθαι,
287 797 348 885 ούχ
360 799 427 884 ἀμα
439 795 459 885 ἡ
472 807 584 885 κτῆσις
595 803 830 883 παραγίγνεται
839 813 908 879 τοῖς
916 796 1117 886 ἀνθρώποις,

167 886 240 966 οΜ
257 903 321 982 ἔχει
335 904 403 964 τῶν
419 889 458 964 εύ
473 896 688 982 πραττόντων
704 894 812 976 οὐδεὶς
822 888 905 982 ὅρον
915 897 1117 968 ούδὲτελεν-

111 1073 114 1077 y
167 995 229 1082 τὴν
245 1006 303 1083 τῆς
318 1005 381 1064 τοῦ
394 1005 603 1064 πλεονεκτεῖν
618 998 809 1081 ἐπιθυμίας·
832 994 876 1064 δι’
897 995 982 1081 ὅπερ
1004 999 1117 1081 πολλοὶ

167 1096 324 1174 πολλάκις
341 1096 499 1182 μειζόνων
516 1098 759 1179 ἐπιθυμοῦντες
775 1090 815 1161 τά
828 1094 979 1178 παρόντα
991 1092 1128 1163 ἀπολλε-

109 1205 158 1258 114
168 1215 239 1263 σαν.
274 1197 330 1263 καὶ
345 1201 379 1262 τί
391 1199 441 1261 δεῖ
451 1199 618 1261 Φίλιππον
631 1195 739 1276 λέγειν
754 1191 777 1278 ἤ
791 1189 853 1259 τιν’
872 1191 993 1272 ἀλλους
1016 1191 1116 1261 ἀλλ’ὁ

167 1293 274 1382 πατὴρ
290 1292 389 1373 αύτδς
403 1291 421 1362 ὁ
436 1295 690 1379 Κερσοβλέπτου
702 1291 828 1376 Κότυς,
849 1287 948 1377 ἡνίκα
963 1291 1028 1377 μὲν
1042 1311 1117 1360 στα-

168 1391 273 1474 σιάζοι
288 1393 372 1478 πρός
391 1416 499 1476 τινας,
522 1392 674 1476 πρέσβεις
696 1393 836 1474 πέμπων
858 1387 992 1456 ἅπαντα
1008 1403 1117 1459 ,ποιεῖν

122 1548 126 1553 .
167 1492 296 1578 ἕτοιμος
305 1485 363 1577 ἦν,
375 1491 431 1557 καὶ
441 1490 515 1556 τότε
527 1485 695 1576 ᾐσθάνετο
707 1485 751 1566 οδς
761 1485 949 1566 ἀλυσιτελὲς
957 1487 1000 1555 τό
1009 1495 1050 1576 τῇ
1058 1487 1118 1557 πό-

167 1599 217 1656 λει
237 1597 407 1673 πολεμεῖν,
433 1586 543 1672 ἐπειδὴ
566 1584 598 1652 δ’
620 1583 681 1670 ὑφ’
705 1583 872 1675 αὐτῷτὴν
888 1586 1030 1676 Θράκην
1047 1585 1116 1673 εἶχε,

166 1683 460 1771 κατελάμβανε’τάς
470 1684 591 1768 πόλεις,
602 1682 717 1770 η’δίκει,
729 1685 869 1770 μεθύων
880 1684 1047 1772 ἐπαρηόνει
1056 1685 1118 1772 μα’-

167 1794 261 1853 λιστα
272 1785 331 1869 μὲν
343 1788 388 1860 εἰς
398 1781 512 1868 αὑτόν,
526 1781 593 1850 εἶτα
604 1787 658 1851 καὶ
669 1789 715 1862 είς
725 1781 821 1869 ἡμᾶς,
832 1781 896 1869 τὴν
904 1781 1020 1869 χύραν
1029 1787 1118 1852 ἐποι-

95 1918 119 1953 κ
167 1881 234 1950 εἴθ’
252 1883 373 1950 ἑαυτοῦ
378 1931 389 1967 ,
410 1879 446 1949 τό
467 1887 600 1968 πρᾶγμα
611 1879 782 1969 ἀμήχανον
792 1876 845 1968 ἦν.
880 1869 1116 1968 τοῖνχιάρύπὲρ

164 1988 226 2049 τοῦ
234 1989 443 2049 πλεονεκτεῖν
453 1982 706 2067 ἐπιχειρούντων
718 1976 765 2060 οἷς
777 1978 818 2050 ού
826 1983 888 2067 χρη
899 1979 940 2048 ού
949 1980 991 2049 τά
1000 1980 1116 2067 δνδχε-

165 2086 303 2165 ρίστατα
314 2083 449 2160 ἕκαστος
461 2091 561 2150 είωθε
571 2086 769 2167 λοχίζεσθαι,
782 2079 855 2148 ἀλλ’
869 2078 1118 2166 ἀκατορθοόσας
1145 2111 1149 2118 ·

43 2206 47 2213 ·
104 2190 155 2243 115
165 2182 383 2268 διαπράξεται.
413 2179 476 2267 ε’γιδ
491 2180 531 2266 δὴ
546 2186 619 2253 ,δεῖν
634 2180 721 2300 ἀμάς
736 2179 826 2264 οἶμαι
838 2180 959 2247 τοῦτον
969 2170 1116 2264 νὸν“τρό-

166 2307 231 2349 πον
241 2287 502 2369 βεβουλεῦσθαι,
518 2280 623 2365 ὅπως,
645 2306 688 2347 αν
700 2278 761 2363 μὲν
771 2277 792 2344 δι’
801 2277 862 2365 χρὴ
874 2281 948 2364 περὶ
960 2275 1122 2365 ὑμεῖνχν,

164 2381 301 2470 χνοόσκη
320 2384 586 2468 Κερσοβλέπτης,
608 2378 712 2464 μηδὲν
726 2374 787 2462 ὑφ’
804 2374 901 2462 ὑμῶν
917 2375 1125 2463 ἀδικήσεται.

165 2475 210 2545 ἀν
226 2478 257 2546 δ’
274 2478 401 2561 ἀλόγως
417 2477 543 2544 ἀδικεῖν
562 2480 722 2562 ἐπιχειρῇ,
747 2474 792 2562 μη
807 2481 924 2561 μείζων
947 2479 1040 2543 ἔσται
1059 2478 1116 2541 τοῦ

166 2581 261 2660 δίκην
272 2580 397 2643 δοῦναι.
421 2573 656 2660 ἀναγνώσομαι
667 2574 700 2642 δ’
716 2572 1058 2662 ύμῖντὴνέπιστολὴν
1065 2571 1118 2669 ἢν,

166 2671 220 2740 ὅτε
243 2669 435 2758 ἀφειστήκει
455 2672 690 2760 Μιλτοκύθης,
712 2676 823 2753 Κότυς
842 2672 980 2760 ἔπεμψέ,
1001 2675 1061 2743 καὶ
1079 2669 1122 2758 ἣν

70 2836 76 2842 .
166 2777 277 2837 πᾶσαν
300 2773 385 2855 ἔχων
405 2767 467 2857 τὴν
488 2768 593 2857 ἀρχὴν
613 2774 742 2857 πέμψας
757 2771 931 2860 Τιμομάχῳ
950 2770 995 2838 πά
1017 2775 1118 2858 χωρία

166 2865 402 2956 ύμύνίξεῖλεν.
572 2882 576 2888 “

380 3092 390 3111 .
506 3024 768 3111 ιιιιιΣτοΛΑι.

104 3185 155 3240 116
252 3170 374 3249 Τούτο,
387 3158 544 3251 ύάνδρες
551 3165 738 3259 Ἀθηναῖοι,
750 3166 787 3236 τό
800 3167 1012 3253 παράδειημα
1023 3168 1123 3252 δορα·

165 3259 277 3343 κύνες,
298 3257 343 3329 ἀν
352 3266 424 3350 ἐμοὶ
434 3271 609 3349 πεισθῆτε,
630 3262 762 3334 κάκεῖνο
774 3266 913 3352 εἰδότες,-
925 3265 1123 3336 ,ότιΦίλκτ-

165 3381 242 3441 πος,
255 3356 310 3428 ότε
320 3362 382 3446 μὲν
391 3359 587 3446 Ἀμφίπολιν
598 3358 800 3449 ἐπολιόρκει,
812 3362 857 3432 ἵν’
871 3362 954 3451 ύμῖν
965 3368 1122 3452 παραδῷ,

160 3463 351 3543 πολιορκεῖν
361 3464 442 3545 ἔφη,
464 3456 574 3548 ἐπειδὴ
586 3459 618 3529 δ’
631 3468 738 3551 ἔλαβε,
755 3466 809 3533 καλ
818 3467 1002 3537 Ποτίδαιαν
1012 3483 1138 3550 προσ--
