2318 3894
123 250 186 315 εον
321 253 421 313 xm
444 242 881 335 [Δααοεεεαουεη
929 300 933 305 .

95 492 99 500 Ι
122 412 177 479 καί
191 413 310 488 παῖδας
323 412 379 477 καῖ
394 421 569 495 γυναῖκαςς
591 411 721 493 ἐφῖκται
734 408 817 495 γάρ,
840 414 969 496 ἐφῖκται
981 415 1072 482 πάυ-

121 504 219 594 τωνὴ
232 507 354 574 τούτου
366 508 684 593 κακοπραγμσσύυῆ,
697 510 753 576 καῖ
762 516 846 577 πᾶσι
856 517 1072 597 βουλομένοις

120 607 209 673 ἐστίν
224 601 454 690 ἀπαλλαγῆναι
466 612 525 689 τῆς
533 603 656 699 τούτου
669 612 832 692 πονηρίας
840 611 896 675 καί
908 611 1004 695 δίκην
1015 613 1071 676 δε-

121 701 250 770 δωκότα
260 698 365 768 αάιάυ
375 704 508 767 ἐπιδεῖν.

496 870 703 884 nun-nnn*-

547 981 647 1040 xxvl.

277 1137 397 1205 ανον
422 1134 843 1205 νΡιΣευΓειυοΝοε
871 1129 953 1204 ορ·
1053 1098 1066 1124 ”

168 1308 251 1388 ’Ότι
260 1312 320 1399 μὲν
330 1315 446 1379 τοίνυν
455 1310 510 1378 καὶ
521 1305 647 1395 ὀφείλει
658 1316 706 1400 τῶ
716 1313 863 1401 δημοσίῳ
871 1308 1068 1398 Ἀριστυγεί-

117 1438 185 1482 τωυ
197 1408 309 1481 οὑτοσὶ
320 1411 374 1478 καὶ
383 1406 445 1476 οάκ
457 1412 546 1476 ἔστιν
556 1410 702 1495 ἐπίτιμος
711 1411 812 1489 καλοί
819 1409 917 1495 νόμοι
928 1414 1067 1498 διαρρή-

117 1515 182 1596 δην
192 1507 459 1596 ἀπαγορεύουσιν
469 1507 508 1573 ἐν
521 1513 569 1592 τῶ
579 1506 673 1598 δήμω
692 1504 737 1594 μὴ
750 1509 868 1587 ἐξεῖναι
876 1512 984 1592 λέγειν
998 1523 1067 1589 τοῖς

116 1605 292 1691 τοιούτοις,
308 1608 462 1691 φανερῶς
472 1605 700 1693 ἐπιδέδεικται,
720 1597 748 1672 ῶ
756 1601 1063 1692 ἀυδρεςἎθηυαῖοι.
1075 1619 1124 1674 108

116 1710 169 1773 δεῖ
183 1701 215 1772 δ’
230 1702 317 1790 ύμίις
331 1701 478 1779 ἅπαντας
495 1704 557 1787 μὲν
571 1699 739 1789 ἀπείργειν
755 1704 809 1771 καί
825 1703 968 1770 κωλύειν
983 1703 1066 1786 τούς

116 1798 407 1888 παρανομοῦντας,
425 1797 512 1867 πολύ
527 1801 563 1870 δὲ
578 1800 718 1896 μάλιστα
734 1799 814 1880 τούς
824 1803 939 1880 ἐνταῖς
950 1799 1065 1888 ἀρχαῖς

91 1898 217 1978 λύντας
233 1901 288 1967 καὶ
307 1896 387 1978 τούς
402 1901 695 1985 πολιτευομένους·
717 1897 772 1985 διά
787 1900 852 1987 γάρ
868 1900 1008 1980 τούτους
1023 1903 1065 1969 τά

117 1994 214 2067 κοινά
225 1998 280 2065 καὶ
293 1996 687 2087 βλάπτεσθαιπέφυκεν,
697 1996 756 2067 ἐάυ
774 1992 836 2080 ῶσι
847 2005 985 2084 φαῦλοι,
1009 2001 1083 2066 καὶ·

117 2095 158 2165 τά
169 2100 303 2184 μέγιστα
319 2097 420 2165 πάλιν
432 2093 649 2181 ὠφελεῖσθαι,
672 2093 732 2163 ἐὰν
750 2087 833 2163 ῶσιυ
848 2098 999 2174 ἐπιεικεῖς
1009 2098 1066 2164 καὶ

117 2197 263 2264 θέλωσιν
274 2198 425 2281 ἐμμένειν
434 2207 502 2272 τοῖς
514 2192 636 2281 νόμοις.
666 2190 725 2282 ῶς,
739 2191 797 2261 ἐάυ
809 2191 894 2274 ἀπαξ
906 2198 988 2260 δῶτε
998 2206 1067 2272 τοῖς

118 2293 203 2381 ὑπὲρ
217 2301 286 2362 τῶν
302 2300 426 2362 κοινῶν
441 2296 629 2380 ἐγχειροῦσί
641 2318 673 2359 τι
688 2284 844 2378 πράττειυ
861 2289 899 2359 τὸ
917 2315 1067 2376 παρανο-

119 2407 193 2478 μεῖν
202 2396 256 2461 καὶ
266 2405 490 2479 καταφρονεῖν
499 2398 568 2459 τῶν
579 2388 771 2479 ὁρωμένων
787 2396 939 2476 δικαίων,
962 2387 1066 2476 ἀναγ-

119 2492 216 2560 καῖόν
236 2495 324 2558 ἐστιν
352 2490 499 2568 ἅπαντας
519 2488 702 2558 ἀπολαύειν
721 2496 781 2576 τῆς
804 2489 933 2556 τούτων
949 2494 1065 2566 κακίας

93 2587 197 2665 ςτούς
213 2592 406 2673 μετέχοντας
424 2594 482 2674 τῆς
497 2578 634 2666 πόλεως.
657 2584 768 2673 ῶσπερ
784 2584 849 2672 γάρ
864 2592 932 2653 τῶν
945 2588 982 2653 ἐν
995 2598 1065 2663 ταῖς

115 2687 235 2773 ναυσὶν
250 2681 508 2773 ἁμαρτημάτων,
530 2681 552 2752 ἀ
570 2693 744 2773 συμβαίνει
763 2686 838 2771 περὶ
853 2683 933 2763 τούς
948 2690 1064 2766 πλοῦς,

114 2781 197 2890 ὅταρ
207 2773 269 2870 μὲν
279 2790 347 2850 τῶν
357 2791 492 2850 ναυτῶν
504 2809 553 2862 τις
564 2782 708 2868 ἀμάρτη,
731 2787 888 2867 βραχεῖαν
902 2779 966 2868 τὴν
979 2781 1064 2868 βλά-

113 2887 178 2968 βηυ
189 2879 346 2967 ἤνεγκεν,
369 2878 451 2949 ὅταν
471 2878 501 2947 δ’
520 2878 760 2966 ὁκυβερυήτης
773 2874 968 2967 ἀποσφαλῇ,
992 2903 1064 2947 κοι-

113 2976 179 3066 νὴν
194 2975 256 3066 τὴν
266 2976 403 3064 ἀτυχίαν
420 2976 523 3046 ἅπασι
534 2981 605 3055 τοῖς
611 2977 787 3061 ἐμπλέουσι
804 2977 1063 3066 παρεσκεύασεν,

114 3074 271 3156 ῶσαύτως
287 3076 327 3145 τά
343 3078 405 3163 μὲν
421 3084 491 3145 τῶν
502 3080 642 3144 ίδιωτῶυ
657 3069 872 3161 ἁμαρτήματα
884 3073 947 3144 ούκ
964 3081 1011 3154 είς
1024 3077 1062 3143 τά

113 3181 258 3260 πλῆθος,
280 3181 326 3254 είς
338 3174 369 3242 δ’
383 3172 506 3252 αὐτούς
517 3160 704 3258 ἀνεγκετάς
722 3171 862 3260 βλάβας,
884 3170 924 3239 τά
942 3173 978 3240 δὲ
994 3179 1064 3240 τῶν

86 3268 283 3356 εάρχόντων
299 3272 355 3345 καὶ
365 3271 631 3354 πολιτευομένων
648 3276 694 3348 είς
708 3267 857 3348 ἅπαντας
865 3267 1061 3356 ἀφικνεῖται.

111 3364 162 3438 διδ
174 3367 229 3436 καὶ
239 3364 298 3464 τάς
308 3374 463 3453 τιμωρίας
474 3362 622 3435 ὁΣόλωυ
630 3382 698 3448 τοῖς
708 3369 769 3455 μὲν
779 3368 923 3448 ίδιῶταις
932 3372 1063 3456 ἐποίησε

109 3471 281 3558 βραδείας,
300 3477 371 3545 ταῖς
380 3462 414 3533 δ’
426 3461 541 3555 ἀρχαῖς
550 3468 607 3537 καὶ
616 3480 685 3548 τοῖς
701 3471 909 3554 δημαγωγοῖς
924 3472 1061 3552 ταχείας,
