2318 3894
334 260 478 323 ΠΡΟΣ
504 259 799 324 ΛΕΠΤΙΝΗΝ.
1002 260 1044 327 25

92 444 157 492 σαν
166 419 322 492 ἐπελδῶν
333 418 448 506 ὀλίγου
460 422 524 488 δέω
536 420 646 504 λέγειν
654 419 768 504 χῶραν
778 419 929 508 ούδαμοῦ
938 422 975 490 τδ
987 431 1044 510 τῆς

92 523 222 600 πόλεως
234 515 332 604 ὄνομ’
345 516 422 586 οὐδ’
434 514 540 585 αύτδν
552 518 773 605 κατῄσχυνεν,
793 517 872 587 ούτε
882 519 972 588 πάνυ
981 523 1104 610 δαῒ-480

92 625 166 688 διον
176 615 260 686 κατά
270 614 334 702 τήν
344 613 439 696 άξίαν
449 622 568 702 εἰπεῖν,
580 617 685 702 πολλή
696 612 727 684 τ’
740 617 879 705 αἰσχύνη
891 623 1043 704 λέγοντος

92 722 175 804 ἐμοῦ
191 713 285 784 ταῦτ’
304 714 426 784 ἐλάττω
445 722 593 800 φανῆναι
609 721 667 800 τῆς
682 717 719 781 ἐν
735 715 860 806 ἑκάστω
881 724 949 797 νῦν
969 721 1045 804 περὶ

40 895 42 899 ,
92 815 200 884 αὐτοῦ
210 814 307 900 δόξης
317 810 545 899 ὑπαρχούσης·
563 809 586 879 ά
596 811 628 879 δ’
640 809 793 897 ούδαμῶς
804 809 848 881 άυ
866 814 970 884 εἰπάν
991 817 1043 886 οἰ-

51 935 151 1004 πμαι
162 911 263 1001 μικρά
274 921 419 998 ποιῆσαι,
430 909 532 979 ταῦθ’
549 908 735 1023 ὖπομνήσαι
744 912 950 999 πειράσομαι.
972 917 1041 983 ἐνί-

91 1031 173 1099 κησε
190 1010 253 1098 μὲν
270 1016 388 1078 τοίνυν
404 1013 685 1094 Λακεδαιμονίους
700 1016 865 1099 ναυμαχίᾳ
886 1014 941 1080 καὶ
959 1037 1041 1081 πεν-

91 1111 236 1197 τήκοντα
256 1116 333 1194 μιιῖς
353 1106 494 1186 δεούσας
514 1111 632 1196 ἔλαβεν
648 1108 873 1194 αἰχμαλώτους
889 1111 1040 1197 τριήρεις,

93 1206 158 1278 εἷλε
174 1211 213 1276 δὲ
227 1215 295 1275 τῶν
312 1205 425 1292 νήσων
447 1205 576 1273 τούτων
595 1203 654 1284 τάς
668 1204 796 1285 πολλάς
816 1208 871 1274 καὶ
891 1212 1042 1292 παρέδω-

92 1334 152 1375 κεν
167 1303 249 1392 ύμῖν
265 1307 320 1372 καί
337 1309 448 1389 φιλίας
465 1305 617 1388 ἐποίησεν
632 1305 759 1387 ἐχθρῶς
775 1304 913 1389 ἐχούσας
922 1305 1042 1391 πρότε-

92 1429 171 1492 ρον,
190 1408 353 1487 τρισχίλια
363 1398 395 1468 δ’
409 1401 595 1486 αἰχμάλωτα
606 1401 741 1486 στύματα
751 1400 844 1487 δεῦρ’
855 1401 974 1489 ήγαγε,
987 1405 1042 1472 καί

92 1506 196 1573 πλέον
212 1496 234 1593 ή
253 1502 333 1568 δέκα
349 1501 404 1567 καλ
421 1496 540 1567 ἑκατὸν
556 1496 689 1566 τάλαντ’
707 1495 876 1585 άπέφηνεν
891 1496 957 1568 άπδ
973 1507 1043 1569 τῶν

90 1609 267 1686 πολεμίων.
290 1599 345 1666 καὶ
355 1596 484 1664 τούτων
494 1596 630 1673 πάντων
640 1594 735 1683 ὑμῶν
745 1597 840 1682 τινὲς,
849 1601 884 1665 οἰ
892 1599 1041 1688 πρεσβύ-
1135 1631 1140 1636 ·

88 1725 198 1781 τατοι,
211 1697 374 1783 μάρτυρές
385 1701 450 1762 εἰσί
456 1720 521 1780 μοι.
555 1695 637 1781 πρὸς
648 1696 683 1765 δὲ
693 1678 824 1774 δούτοις
834 1694 935 1777 άλλας
945 1698 1041 1784 τριή-

91 1821 158 1882 ρεις
173 1796 278 1863 πλέον
292 1789 315 1879 ή
333 1802 457 1861 εἰκοσιν
474 1787 555 1876 εἰλε,
577 1793 660 1861 κατά
676 1801 755 1879 μίαν
772 1791 828 1862 καί
839 1794 900 1863 δύο
911 1788 1039 1882 λαμβά-

89 1921 170 1978 νων,
183 1889 222 1970 άς
232 1889 361 1968 ἁπάσας
371 1895 416 1969 εἰς
425 1887 505 1968 τούς
514 1887 692 1977 ὑμετέρους
702 1895 835 1978 λιμένας
843 1895 1047 1979 κατήγαγεν,

56 1993 138 2061 78ἕνί
159 1990 197 2058 δὲ
217 1996 404 2078 κεφαλαίῳ,
426 1984 528 2074 μῦνος
548 1997 616 2056 τῶν
637 1991 771 2058 πάντων
789 1999 980 2078 στρατηγῶν
996 1989 1038 2059 ού

90 2090 205 2173 πάλιν,
218 2083 260 2154 ού
273 2085 453 2172 φρούριον,
466 2084 508 2154 ού
519 2094 623 2173 ναῦν,
641 2087 683 2156 ού
695 2089 898 2175 στρατιώτην
907 2088 1039 2157 άπύλε-
1109 2100 1116 2118 ·

89 2207 146 2254 σεν
162 2184 287 2255 οὐδένα
304 2181 490 2271 ἡγούμενος
505 2183 618 2271 ὑμῶν,
641 2185 716 2254 οὐδ’
734 2194 823 2255 ἔστιν
841 2186 954 2255 ούδενλ
970 2194 1039 2254 τῶν

90 2282 259 2370 ὑμετέρων
268 2284 399 2366 ἐχθρῶν
409 2279 569 2368 τρόπαιον
580 2281 680 2350 οὐδὲν
691 2281 749 2367 άφ’
764 2281 860 2367 ὑμῶν
872 2281 1038 2367 κάκείνου,

90 2381 167 2468 ύμῖν
178 2377 283 2448 δ’άπδ
296 2388 428 2448 πολλῶν
438 2377 543 2447 πολλά
555 2382 683 2447 ἐκείνου
692 2386 960 2466 στρατηγοῦντος.
983 2383 1039 2448 ἵνα

90 2481 123 2548 δὲ
149 2479 195 2566 μή
222 2482 331 2563 λέγων
352 2486 524 2563 παραλίπω
546 2486 656 2546 τιτῶν
677 2481 916 2565 πεπραγμένων
937 2474 1037 2567 αὐτῶ,

90 2576 316 2664 άυαγνῶσεται
327 2572 554 2663 γεγραμμένας
564 2575 711 2667 ύμῖντάς
718 2602 752 2654 τε
761 2584 845 2655 ναῦς
853 2575 933 2655 ὅσας
941 2581 1038 2664 ἔλαβε

91 2680 141 2744 καί
152 2670 197 2746 ού
207 2678 367 2761 ἑκάστην,
390 2678 522 2743 καὶτῶν
532 2675 662 2742 πόλεων
671 2672 732 2741 τδν
742 2672 888 2761 άριδμδν
898 2676 953 2742 καλ
969 2680 1038 2742 τῶν

91 2775 264 2862 χρημάτων
280 2773 319 2841 τὰ
337 2781 467 2860 πλῆθος
483 2775 539 2841 καὶ
550 2779 618 2840 τῶν
627 2779 813 2860 τροπαίων,
835 2762 877 2841 ού
887 2773 1035 2842 ἕκαστον.

353 2976 548 3048 ΠΡΑΞΕΙΣ
567 2978 768 3039 XABPIOY.

66 3072 89 3130 79
172 3071 375 3137 Δοκείτισίν
393 3067 505 3156 ὑμῶν,
528 3061 884 3156 ῶάνδρεςἈδηναίοι,
907 3061 1034 3149 ούτοςὸ

95 3167 250 3247 τοσαύτας
277 3167 390 3246 πόλεις
410 3165 522 3256 λαβῶν
542 3170 599 3236 καί
618 3169 762 3253 τριήρεις
781 3175 850 3235 τῶν
871 3174 1037 3253 πολεμίων

95 3273 252 3354 ναυμαχίη
278 3265 417 3352 νικήσας
443 3268 498 3334 καί
522 3265 694 3334 τοσούτων
719 3273 830 3333 καλῶν
850 3275 953 3344 αἰτιος
975 3260 1033 3348 ῶν,
1044 3285 1096 3340 481

95 3366 224 3449 αἰσχροῦ
235 3360 269 3430 δ’
282 3360 420 3441 ούδενδς
428 3373 470 3451 τῇ
480 3364 589 3448 πόλει,
607 3364 696 3444 άξιος
709 3363 792 3456 εἶναι
803 3360 1034 3447 άποστερηδή-

94 3481 142 3528 ναι
150 3457 382 3548 τήνάτέλειαν,
392 3458 436 3548 ἣν
447 3460 562 3549 εύρετο
573 3454 647 3549 παρ’
659 3459 756 3547 ὑμῶν
764 3462 819 3529 καλ
827 3467 875 3549 τῷ
882 3463 949 3525 υίεῑ
954 3480 1035 3524 κατ-
