2318 3894
97 237 161 302 378
296 241 419 299 xxxm.
449 227 863 299 ΔΗΜΟΣΘΕΝΟῬΣ

73 397 346 485 οζαντιοςμὲντο
357 402 469 484 γένος,
483 393 635 483 φυγάςδ’
648 399 787 465 ἐκείθεν.
808 393 1005 481 προσιοντες
1016 400 1055 464 δέ

98 523 154 584 μοι
170 501 208 565 ἐν
222 524 268 588 τῳ
257 491 425 585 ἐμπορίῳ
435 487 533 573 οὗτος
543 492 624 562 καὶ’
609 520 627 562 ο
639 500 825 582 Παρμένων
835 495 1054 588 ἐμνήσθησαν

98 597 173 681 περὶ
189 565 360 681 ἀργυρίου.
390 598 483 677 ἔτυχε
498 591 534 660 δε
551 588 664 660 οὑτοσί
676 591 822 678 ὀφείλων
832 595 935 681 ίπίτη
921 595 1003 680 νηί
1013 600 1054 679 τῇ

99 695 224 762 ἑαυτοῦ·
230 689 469 775 τετταράκοντα
479 697 581 775 μναῖς,
593 692 695 757 καλοί
702 698 841 777 χρῆσται
850 690 1054 778 κατήπειγον

15 829 17 833 ·
100 782 203 859 αάδδν
213 789 427 865 ἀπαιτοῦντες
437 790 491 856 καὶ
502 787 702 875 ἐνεβάτευον
712 793 758 867 είς
767 785 830 874 τήν
839 793 945 879 ναῦν,
962 794 1054 876 ελλη-

99 889 210 976 φότες
214 895 255 977 τῇ
265 883 477 1008 6666666666.
514 884 732 976 ἀπορουμένῳ
745 883 777 953 δ’
791 883 884 976 αὐτῷ
894 887 1053 974 μνάςμδν

99 983 216 1055 δέκαἐ
200 1012 218 1055 ο
236 988 424 1071 Παρμένων
444 983 635 1071 ὡμολόγησε
657 984 792 1070 δώσειν,
814 984 996 1070 τριάκοντα
1016 985 1052 1052 δὲ

99 1111 185 1171 μνας
194 1083 297 1154 ἐδειτο
308 1109 374 1171 μου
384 1075 483 1163 ουτος
494 1091 757 1169 συνευπορήσαι
767 1081 962 1169 αίτιωμενος
972 1107 1053 1161 τους

99 1183 240 1283 χρήστας
256 1186 503 1272 ἐπιθυμοῦντας
519 1188 577 1301 τής
593 1178 677 1259 νεδς
688 1184 938 1267 διαβεβληκέναι
948 1177 1055 1248 αὐτὸν

40 1304 43 1309 ’
100 1285 137 1350 ἐν
152 1308 197 1373 τῳ
185 1284 414 1372 ἐμπορίῳ,
399 1306 454 1349 ινα
470 1278 662 1364 κατάσχωσι
671 1275 747 1364 τήν
751 1285 839 1346 ναῦν
847 1284 896 1357 ἐίς
908 1275 1055 1378 ἀπορίαν

65 1381 361 1469 λκαταστήσαντες
376 1387 438 1449 τοῦ
456 1377 641 1448 ἀποδοῦναι
655 1374 696 1444 τά
712 1374 870 1500 χρήματα.
901 1377 974 1463 ἐμοὶ
989 1368 1055 1463 μὲν

102 1472 166 1548 οάν
187 1477 250 1547 οὐκ
273 1485 366 1564 ἔτυχε
387 1477 496 1565 παρὸν
516 1475 694 1564 ἀργυρίου,
717 1476 885 1563 χρωμενος
902 1472 958 1542 δ’
942 1482 1054 1595 Ηρα-

101 1583 214 1666 κλείδη
233 1587 281 1666 τῷ
299 1583 470 1664 τραπεζίτῃ
492 1583 610 1644 ἔπεισα
628 1571 733 1643 αὐτὸν
750 1579 897 1642 δανεῖσαι
912 1574 954 1640 τά
969 1573 1055 1660 χρή-
1094 1571 1096 1576 ’

101 1701 195 1760 ματα
208 1644 413 1762 λαδόνταέμ
415 1673 624 1760 ὲέγγνητήν.
653 1672 720 1760 ήδη
738 1675 775 1743 δὲ
790 1681 858 1742 τῶν
872 1672 1054 1791 τριάκοντα

101 1781 201 1858 μνῶν
212 1775 463 1856 πεπορισμένων
478 1777 571 1856 ἔτυχε
587 1771 863 1857 προσκεκρουκώς
872 1796 904 1838 τι
913 1748 1053 1859 τοάτριδ

100 1869 300 1986 Παρμένων·
329 1865 548 1955 ἀμολογηκδς
575 1865 608 1936 δ’
636 1868 836 1956 εὐπορήσειν
859 1866 949 1956 αὐτῷ
972 1836 1054 1936 δέκα

100 1973 201 2089 μνᾶς,
219 1968 274 2034 καὶ
286 1966 416 2035 τούτων
427 1964 626 2046 δεδοικώς
590 1994 648 2047 τας
657 1982 759 2054 τρεῖς,
783 1965 883 2035 διά
848 1991 885 2035 το
897 1969 1054 2052 προειμέ-Ι

76 2091 163 2185 ςνρν
181 2064 344 2188 ἀργύριον
359 2064 558 2153 ήναγκάζετο
575 2065 678 2134 καὶτὰ
689 2063 808 2134 λοιπδν
819 2062 956 2132 διδόναι.
989 2061 1054 2130 αὐ-

101 2165 157 2244 τὰς
177 2157 300 2251 μὲν
258 2191 322 2237 ουν
342 2165 396 2232 διά
418 2165 509 2233 τοῦτ’
534 2159 596 2232 οάκ
617 2163 771 2250 ἐβούλετο
794 2161 999 2248 ποιήσασθαι
1015 2159 1052 2229 τὸ

102 2264 323 2351 συμβόλαιον,
349 2264 406 2351 έμδ
432 2261 478 2332 δ’
492 2266 622 2332 ἐκέλευε
644 2259 805 2348 πρίξαι”
785 2284 874 2338 οπως
895 2257 985 2348 αὐτῷ
1009 2257 1054 2339 ὡς

102 2359 330 2458 ἀσφαλέστατα
345 2365 416 2443 ἕξει.
448 2361 561 2449 λαβών
579 2359 608 2428 δ’
629 2357 741 2446 ἐγώ
705 2384 763 2437 τας
775 2357 855 2429 ἑπτά
866 2365 951 2444 μνᾶς
963 2355 1053 2443 παρὰ

102 2484 162 2528 του
151 2451 434 2582 Παρμένοντος,
454 2458 563 2545 606⁸
526 2486 585 2539 τας
600 2471 703 2544 τρεῖς,
727 2454 766 2536 ἀς
784 2456 980 2543 προειλήφει
990 2481 1055 2526 ον-

101 2581 156 2672 τρς
177 2581 243 2642 παρ
247 2555 425 2645 ’ἐκείνου,
446 2555 804 2644 ἀνθομολογησάμενος
821 2554 904 2677 πρὸς
920 2561 1054 2639 τοῦτον,
1078 2563 1081 2569 ’

103 2647 194 2737 ὠνήν
204 2676 362 2739 ποιουμαι
371 2681 429 2742 της
439 2654 522 2734 νεδς
532 2658 588 2726 καί
597 2680 666 2724 ταν
676 2680 722 2722 πα
723 2655 859 2739 ίδαν,”
841 2679 902 2732 εως
912 2653 1053 2740 ἀποδοίη

101 2749 160 2828 τας
169 2773 204 2816 τε
215 2751 295 2816 δέκα
305 2758 401 2835 μναῖς,
412 2749 452 2830 ἀς
462 2751 505 2820 δι’
519 2757 602 2838 ἐμοῦ
612 2759 718 2838 ἔλαβε,
730 2754 785 2820 καλ
795 2751 853 2832 κάς
862 2752 1053 2838 τριάκοντα,

102 2838 150 2915 66
170 2849 367 2933 κατέστησεν
390 2849 445 2934 ἐμὲ
464 2848 628 2935 ἐγγυητήν
648 2853 694 2938 τῷ
717 2856 899 2939 τραπεζίτῃ.
931 2853 987 2942 καί
1008 2847 1113 2931 ὠςθθσ

101 2943 213 3034 ἀληθῆ
223 2950 325 3034 λέγοι,
338 2943 503 3016 ἀκούσατε
513 2957 582 3016 τοῖν
592 2955 792 3086 μαρτυριῶν.

434 3108 691 3171 MAPTYPIAI.
760 3110 764 3117 '

44 3234 49 3241 ’
75 3258 92 3313 9
190 3236 257 3304 Τόν
277 3236 339 3321 μέν
358 3239 485 3325 τρόπον
498 3247 619 3308 τοῦτον
635 3236 799 3327 ἀπήλλαξε
816 3241 894 3321 τοὺς
911 3240 1056 3360 χρήστας

98 3329 311 3418 Ἀπατουρίας
326 3326 448 3402 οὑτοσί.
481 3361 523 3403 ου
514 3334 651 3425 ’πολλῷ
671 3340 707 3406 δὲ
724 3336 833 3428 χρόνῳ
851 3337 931 3423 μετὰ
950 3347 1056 3406 ταῦτα

101 3437 160 3517 τής
176 3431 332 3518 τραπέζης
347 3428 668 3522 ἀνασκευασθείσης,
689 3438 744 3506 καὶ
763 3443 824 3505 τοῦ
837 3434 992 3522 Ἡρακλεί
977 3440 1055 3505 ίδου
