2318 3894
189 235 888 303 ιικυκκνιευονιιιτοαοεε.
945 208 1007 303 ’σοι
1067 274 1078 296 ,

62 402 130 466 τάν
146 403 282 464 τοιαῦτα
293 392 520 481 ποιησόντων,
533 395 601 462 ἐπεὶ
611 396 743 464 καλοῦν
753 396 874 483 μεστόν
883 398 920 467 τὸ
931 398 1006 487 βῆμ’

61 498 157 564 ἐστίν.
182 491 223 562 06
236 491 300 578 γάρ
313 488 465 578 ἐπιτιμᾶν
477 506 546 570 τοῖς
562 499 903 583 συμβεβουλευμένοις
913 506 1011 582 χαλε·
1062 543 1065 546 «

60 591 143 678 τόν,
164 589 248 684 άλλά
262 593 320 659 καλ
329 598 578 678 συμβουλεῦσαι
591 593 646 660 καὶ
660 602 773 663 πεῖσαί
785 621 817 662 τι
834 604 902 663 τόν
913 594 1010 665 δεόν-

16 701 127 758 αοτων
138 685 225 775 ὑμᾶς
235 695 455 774 ψηφίσασθαι.
477 687 759 774 πρδςδέτοότοις,
778 696 810 759 εί
819 692 880 777 μὲν
895 690 939 779 μὴ
953 695 1010 762 καὶ

10 831 12 836 -
60 788 224 875 πρότερον
238 799 306 864 τοῖς
315 785 571 866 αὐτοῖς’τοότοις
582 786 749 873 χριόμενος
763 789 874 875 λόγοις
886 789 1008 876 ἐξηπά-

59 906 159 972 τησεν
170 882 270 970 ὑμεῖς,
282 882 332 952 ὅτ’
349 884 533 970 ἠγωνίσατο
546 882 608 970 τὴν
619 888 783 973 προτέραν
796 891 950 972 ἔνδειξιν,
963 881 1008 975 ἦν

60 980 206 1071 μὲνούδ’
220 981 309 1050 οὕτω
322 987 452 1050 δίκαιον
465 978 554 1068 παρά
570 980 649 1060 τοὺς
660 979 868 1068 ὑπάρχοντας
881 985 1007 1071 νόμους

28 1097 35 1106 ·
60 1107 92 1147 τι
103 1094 285 1165 συγχωρεῖν
295 1080 351 1160 (06
363 1076 486 1165 δεῑγόιρ
500 1092 704 1164 παρανομεῖν
719 1080 838 1158 δόντας
847 1085 912 1150 τισὶ
928 1080 1007 1160 τοός

61 1177 183 1255 άλλους
202 1177 284 1244 κατὰ
302 1175 383 1265 τοὺς
399 1176 524 1261 νόμους
538 1174 655 1255 ἀξιοῦν
661 1176 858 1264 πράττειη,)
880 1176 922 1246 οὐ
940 1177 1006 1264 μὴν

58 1274 133 1343 ἀλλ’
150 1284 229 1354 λ’σως
242 1301 279 1370 γε
295 1267 559 1360 εὐλογώτερον
535 1301 580 1360 ην
598 1271 635 1342 τὸ
650 1282 822 1343 πιστεῦσαι
839 1276 894 1343 καὶ
905 1301 1006 1343 κατα-

15 1406 49 1457 21
61 1381 261 1470 χαρίσασθαι
272 1373 327 1440 καὶ
339 1374 503 1458 προέσθαι
521 1397 552 1440 τι
566 1398 635 1440 των
645 1371 815 1440 τοιούτων.
844 1370 954 1459 ἐπειδὴ
971 1353 1007 1441 δέ

58 1471 128 1540 τότ’
150 1471 347 1556 α’φέντεςέπ
346 1472 360 1539 λ
380 1483 450 1549 ταῖς
465 1467 744 1592 ὁμολογουμένως
763 1471 838 1538 ἐλπί
823 1477 870 1538 ίσι
885 1468 1006 1555 μικρὸν

58 1568 201 1654 ὕστερον
211 1567 272 1636 τόν
284 1568 388 1638 αότὸν
399 1577 535 1658 τοῦτον,
550 1566 596 1647 ὡς
608 1561 794 1654 πράττοντα
805 1571 861 1638 καὶ
870 1572 1009 1654 λέγοντα

59 1669 102 1755 μὴ
115 1667 154 1735 τὰ
167 1669 189 1735 6
191 1688 284 1755 ριστα
296 1675 341 1757 τῷ
355 1669 465 1755 δημφ,
479 1667 580 1735 πάλιν
593 1667 787 1753 ἐκολάσατε,
812 1673 861 1746 τίς
874 1663 1012 1756 ὑπολεί-ο

60 1792 154 1834 πεται
173 1776 292 1852 σκῆψις
311 1763 390 1852 ὑμῖν
407 1763 633 1853 ἁρμόττουσα,
662 1760 707 1833 άν
729 1772 795 1835 νῦν
814 1790 1008 1854 παρακρου-

56 1872 180 1950 σθῆτες
197 1857 246 1932 όν
259 1862 394 1950 μὲνγὰρ
407 1869 491 1953 ἔργφ
508 1877 628 1948 πεῖραν
641 1862 811 1950 εἰλήφατε,
833 1871 867 1933 τί
877 1869 929 1933 δεῖ
938 1879 1007 1944 τοῖς

60 1962 171 2047 λόγοις
181 1961 361 2040 πιστεύεινς
382 1953 431 2029 τόν
444 1963 479 2030 δὲ
490 1963 624 2047 μηδέπω
636 1961 699 2047 τὴν
709 1967 906 2049 δοκιμασίαν
919 1969 1006 2049 ἔχετε

58 2058 179 2148 άκριβη
206 2059 286 2151 παρ’
315 2057 396 2145 ὑμῖν
418 2057 547 2146 αὐτοῖς,
570 2063 695 2129 ἐκτῶν
721 2064 908 2146 λεγομένων
930 2071 1008 2140 λσως

14 2170 51 2228 ‘22
58 2157 242 2242 ἀναγκαῖόν
253 2162 322 2225 ἐστι
332 2164 468 2247 κρίνειν.
489 2158 652 2243 θαυμάζω
664 2155 695 2225 δ’
709 2163 812 2242 ἔγωγε
823 2163 892 2225 τῶν
901 2155 1013 2236 οὕτως

58 2258 203 2342 ἐχόντων
217 2254 300 2322 ὥστε
312 2252 352 2321 τά
367 2257 428 2339 μὲν
441 2259 508 2323 λδια
518 2269 586 2333 τοϊς
598 2258 636 2322 ἐκ
646 2263 713 2321 τόν
725 2256 1008 2341 παρεληλυθότων

30 2372 36 2383 ’
57 2355 191 2441 χρόνων
206 2346 303 2420 οὖσιν
317 2352 489 2438 ἐπιεικέσι,
519 2352 649 2431 τούτοις
667 2358 1005 2439 παρακατατίθεσθαι,
1014 2364 1066 2421 807

57 2480 98 2521 τα
88 2449 145 2520 δ’
159 2455 196 2519 ἐν
208 2478 247 2540 τη
235 2450 408 2540 πολιτείᾳ
419 2446 517 2519 κοινά
531 2465 600 2530 τοῖς
610 2448 884 2538 ὁμολογουμένως
894 2453 1007 2538 ἐξελη-

57 2545 227 2639 λεγμένοις
238 2543 314 2619 οὖσι
328 2519 469 2637 φαάλοις
478 2552 672 2635 ἐπιτρέπειν.
704 2553 760 2618 καλ
773 2549 862 2618 κόνα
879 2549 941 2670 μὲν
953 2551 1007 2619 ἐπὶ

57 2648 239 2736 ποίμνηυ’
221 2656 344 2736 αγευνῆ
367 2649 422 2717 καὶ
445 2654 578 2734 φαῦλον
591 2645 667 2715 οὐδ’
694 2643 738 2716 άν
758 2641 839 2726 elce
839 2647 1011 2734 πιστησειε

58 2748 252 2832 φυλάττειν·
269 2748 329 2816 ἐπὶ
340 2747 376 2815 δὲ
388 2744 468 2825 τοὺς
479 2743 520 2814 τά
532 2743 629 2815 κοινά
639 2747 844 2831 πράττοντας
856 2771 936 2825 τους
945 2771 1005 2815 τυ-

58 2845 176 2928 χόντας
188 2843 390 2931 ἀνθρώπους
402 2847 507 2933 φασὶν
523 2851 606 2912 ένιοι
617 2843 770 2939 φύλακας
783 2847 853 2913 δεῖν
866 2846 1005 2931 ἐπιπέμ-

58 2963 150 3025 πειν,
173 2946 206 3007 οἳ
217 2943 496 3029 προσποιούμενοι
510 2942 656 3030 μηνύειν
664 2940 742 3021 τους
755 2940 1005 3029 ἁμαρτάνοντας

56 3034 152 3105 αὐτοὶ
165 3044 223 3123 τῆς
234 3042 462 3125 μεγίστηςέίσὶ
472 3049 622 3126 φυλακῆς
636 3040 798 3126 δεόμενοι.

12 3157 47 3212 23
141 3126 219 3221 Ὧν,
246 3133 307 3202 ἐάν
327 3142 419 3222 ἔχητε
433 3143 542 3223 νοῦν,
575 3137 823 3223 ἐνθυμούμενοι
843 3134 921 3215 τούς
943 3135 1004 3223 μὲν

56 3235 246 3322 φάσκοντας
259 3233 399 3313 τούτους
415 3241 464 3322 τῷ
478 3235 570 3324 λόγῳ
583 3245 692 3322 φιλεῖν
707 3233 793 3323 ὑμᾶς
807 3240 934 3321 χαίρειν
946 3235 1003 3303 ἐά-

56 3352 149 3419 σατε,
176 3330 271 3401 αὐτοὶ
291 3331 327 3400 δὲ
344 3339 424 3407 τοῦτ
426 3329 495 3402 ’ἐκ
514 3332 637 3413 παντὸς
656 3333 783 3422 τρόπον
801 3333 1003 3421 παραφυλά·

40 3430 191 3514 ξ-ατε,’
171 3454 261 3509 οπως
282 3431 399 3515 μηδενὶ
420 3430 499 3501 δάι’
517 3429 707 3514 ἐξουσίαν’
687 3432 835 3519 ακάρους
851 3456 931 3510 τους
942 3453 1017 3499 να·

98 3525 232 3578 Demosth.
258 3524 313 3578 Vol
337 3523 372 3580 Π,
694 3598 699 3611 ¹
758 3528 800 3579 20
