2318 3894
93 242 157 309 100
295 248 394 307 xxm
428 229 876 329 ΔΗΜοΣωωΝονπ

93 414 245 495 Φρυγίας
263 411 320 477 καί
336 411 460 483 Λυδίας
475 403 529 469 καί
544 405 780 484 Παφλαγονίας
795 405 915 478 οίκείας
932 402 1047 490 οὔσης,

93 517 143 600 τῷ
159 507 191 577 δ’
211 506 285 577 οὐδ’
303 505 418 575 ὁτιοῦν
433 500 514 567 ἀλλο
529 496 618 583 πλήν
635 503 806 582 πολιορκία
817 501 1045 586 περιειστήκει.

52 616 86 673 56
99 609 304 692 κωλυόμενος
318 599 350 670 δ’
368 591 463 682 οὑήν
481 604 588 663 κακοῦ
605 598 660 664 καὶ
678 595 840 682 λογισμόν
860 598 972 686 λαβών
993 599 1046 669 ὅτι

97 716 167 793 ληφ
207 705 322 784 ’σεται,
339 693 411 764 κάκ’
418 696 534 782 μηδενὶ
544 702 613 761 τών
624 694 752 781 ἀλλων,
769 703 817 784 τῷ
827 721 865 780 γε
876 704 975 788 λιμῷ,
998 698 1054 766 εί-·’

95 795 169 885 δεν,
194 809 259 866 εῖτε
269 797 311 882 δή
321 820 411 873 τινος
422 793 571 870 εἰπόντος
583 791 643 861 εῖτ’
655 790 755 872 αὑτός
765 796 893 882 συνεὶς,
917 793 967 862 ὅτι
978 815 1045 864 σω-

92 896 196 983 τηρίώ
209 895 294 982 μόνη
311 891 434 980 γένοιτ’
451 886 495 961 ἀν
510 890 617 982 αύτῷ,
640 891 725 978 ήπερ
743 891 892 974 ἅπαντας
908 893 1047 980 ἀνθρώ·

90 1016 176 1073 πους
195 993 299 1074 σώζει.
331 997 399 1059 ἐστι
421 988 452 1058 δ’
472 990 555 1077 αὑτη
573 997 639 1073 τίςς
660 988 681 1078 ή
698 989 856 1077 ὑμετέρα,
881 987 908 1062 a}
925 994 1045 1081 ἀνδρες

89 1090 276 1180 Ἀθηναῖοι,
290 1099 353 1158 είτε
363 1087 424 1175 χρὴ
437 1096 697 1174 φιλανθρωπίαν
708 1094 816 1175 λέγειν
828 1089 897 1158 εἴθ’
909 1090 929 1160 ὅ
940 1119 971 1160 τι
984 1093 1045 1178 δή·

93 1216 183 1261 ποτε.
215 1188 317 1277 ρνοὺς
335 1187 371 1254 δέ
385 1195 485 1255 τούτο
497 1191 617 1274 πέμπει
626 1188 687 1275 τήν
698 1188 981 1277 ἐπιστολήνὺμίν,
1006 1184 1046 1278 ής

93 1289 188 1372 ἄξιόν
198 1292 287 1358 ἐστιν
297 1282 456 1370 ἀκούσαι,
480 1287 686 1374 βουλόμενος
698 1288 752 1357 διὰ
764 1296 822 1374 τῆς
839 1286 1046 1375 ὑποσχέσεως

93 1395 158 1457 τοῦ
166 1392 351 1473 κομιεῖσθαι
362 1385 579 1471 Χερρόνησον
589 1384 685 1473 ὑμῖν,
697 1391 752 1455 καὶ
766 1390 820 1455 διὰ
831 1396 893 1455 τοῦ
904 1387 964 1457 τόν
973 1395 1045 1475 Κη-
1055 1395 1107 1451 672

94 1484 272 1571 φισόδοτον
283 1486 394 1551 δοκεῖν
407 1482 530 1569 ἐχθρόν
542 1484 623 1552 όντα
631 1486 827 1566 τοῦΚότνος
836 1490 889 1554 καὶ
897 1496 959 1555 τοὺ
967 1486 1047 1574 Ἰφι-

96 1584 237 1667 κράτους
252 1588 357 1649 ταύτα
374 1583 575 1668 βούλεσθαι,
597 1586 742 1668 τριήρων
758 1582 944 1671 εὐπορήσας
965 1593 1043 1669 παρ’

50 1706 85 1762 57
95 1678 190 1769 ὑμών
200 1676 358 1766 ἀσφαλῶς
369 1683 404 1747 ἐκ
414 1689 472 1765 τής
479 1678 585 1759 Ἀσίας
595 1678 789 1765 ἀποδρᾶναι.
812 1696 844 1752 τί
853 1682 892 1770 δή
905 1691 1047 1770 συμβαί-

69 1844 73 1851 .
93 1804 146 1849 νει
165 1776 335 1866 παραυτά,
359 1777 445 1848 όθευ
466 1781 641 1866 ἐξηλέγχθη
663 1779 708 1849 τό.
721 1781 847 1868 πρᾶγμ’
871 1782 925 1852 ἐπ’
943 1781 1046 1850 αύτο-

93 1876 212 1966 φώρφ;
234 1874 415 1962 ὑΜέμνων
428 1880 484 1945 καὶ
495 1876 512 1944 ὁ
524 1881 685 1966 Μέντωρ,
697 1885 732 1948 οί
740 1879 1047 1968 κηδεσταὶτούἈρ-

92 1975 252 2065 ταβάζου,
269 1976 445 2062 ἅνθρωποι
457 1981 527 2046 νέοι
538 1980 591 2047 καὶ
603 1984 794 2066 κεχρημένοι
806 1980 1044 2067 ἀπροσδοκήτῳ

91 2076 224 2164 εὑτυχίᾳ
235 2084 275 2164 τή
286 2084 347 2143 τού
354 2075 552 2164 Ἀρταβάζου
563 2082 692 2166 κηδείᾳ,
704 2078 903 2165 βουλόμενοι
913 2087 969 2164 τής
978 2078 1045 2162 χώ-

56 2186 69 2199 ‘
91 2200 153 2259 ρας
169 2173 282 2261 ἀρχειν
299 2166 404 2255 εύθὺς
415 2179 451 2244 ἐν
462 2176 577 2266 είρήνη
587 2180 641 2244 καί
653 2183 812 2264 τιμᾶσθαι
823 2181 877 2245 καὶ
888 2178 931 2263 μή
944 2187 1044 2246 πολε-

90 2286 165 2360 μεῖν
182 2276 263 2360 μηδὲ
280 2276 507 2359 κινδυνεύειν,
530 2286 685 2345 πείθουσι
701 2274 967 2363 τόνἈρτάβαζον
983 2279 1045 2343 τοὺ

89 2368 377 2461 μδυτιμωρείσθαι
386 2372 647 2471 τὺνΧοιρίδημρν
657 2373 832 2462 ἀφεῖσθαι,
855 2375 1044 2442 ἀποστεῖλαι

89 2468 124 2538 δ’
135 2467 368 2557 ὑπόσπονδον,
387 2474 598 2550 διδάσκοντες
610 2472 653 2551 ώς
663 2471 770 2558 ὑμεῖς,
789 2469 854 2539 κάν
864 2476 985 2548 ἐκεῖνος
997 2473 1042 2558 μή

50 2571 185 2657 ςθθέλη,
199 2576 367 2656 διαβιβᾶτε
378 2572 432 2637 καὶ
444 2568 485 2636 ού
498 2570 674 2654 δυνήσεται
687 2569 839 2636 κωλύειν.
862 2567 906 2648 ὡς
917 2569 952 2636 δὲ
963 2595 1044 2654 wy-

88 2667 181 2753 χάνει
197 2668 318 2753 ταύτης
333 2676 392 2754 τῆς
406 2665 534 2752 ἀλόγου
550 2669 605 2735 καί
615 2666 869 2753 ἀπροσδοκήτου
880 2676 1042 2754 σωτηρίας

89 2763 109 2833 ὑ
126 2770 330 2851 Χαρίδημος,
353 2762 469 2850 διαβάς
486 2771 531 2844 είς
548 2764 609 2850 τήν
625 2764 840 2852 Χερρόνησον
859 2765 915 2853 ἐφ’
938 2764 1044 2834 αὑτοῦ

91 2862 145 2933 διὰ
157 2862 380 2947 τάςσπονδάς,
393 2864 556 2932 τοσούτου
566 2867 701 2950 ἐδέησεν
711 2866 865 2932 ἐπελθεῖν
875 2865 1041 2953 τώΚότυῖ,
1085 2858 1087 2862 ’

88 2962 266 3051 γεγραφώς
287 2962 337 3031 ότι
354 2961 416 3048 οὑχ
432 2959 593 3049 ὑπομενεῖ
602 2963 712 3042 Κότυς
729 2960 833 3031 αὑτὸν
848 2963 998 3047 ἐπιόντα,
1020 2960 1043 3048 ή

59 3093 63 3099 ·
88 3063 154 3149 τήν
173 3060 389 3147 Χερρόνησον
416 3060 506 3140 ὅπως
532 3071 702 3148 κομιεῖσθε
729 3059 821 3147 ὑμεῖς
842 3065 1040 3147 συμπρᾶξαι,

90 3157 175 3229 ώστε
196 3163 297 3229 πόλιν
318 3159 490 3246 μισθώσας
511 3158 615 3229 αὑτὸν
634 3167 681 3250 τῷ
696 3160 803 3228 Κότυῖ
818 3158 859 3226 τοὶ
876 3156 1042 3229 ὑπόλοιπα

88 3264 158 3327 τῶν
175 3258 343 3346 ὑμετέρων
360 3267 491 3344 χωρίων
501 3259 684 3344 Κριθώτην
699 3260 753 3326 καὶ
760 3257 951 3326 Ἐλαιοῦντα
961 3260 1042 3325 ἐπο-

89 3356 222 3440 λιόρκει.
245 3360 299 3424 καὶ
310 3355 363 3434 ὅτι
371 3365 491 3444 ταῦτα,
503 3359 558 3426 καὶ
568 3355 667 3444 ήνίκα
676 3355 723 3424 ἐτ’
735 3349 779 3442 ήν
790 3361 827 3425 ἐν
837 3353 976 3442 τῇἏσίᾳ
987 3359 1042 3423 καῖ

89 3452 154 3541 τήν
164 3454 339 3544 ἐπιστολὴν
348 3462 473 3543 ἔπεμπε
482 3456 565 3544 πρὸς
575 3455 670 3544 ὑμᾶς,
684 3451 837 3541 ἐγνωκώς
847 3466 953 3520 ποιεῖν
963 3454 1043 3537 ἐφε-
