2318 3894
118 228 159 295 ιε
273 189 275 194 ’
316 234 387 292 xx1.
430 231 845 294 Λυκοπουιιουπ

116 393 172 459 ιιαλ
187 387 249 476 τὴν
264 385 497 479 ὑπερηφανίαν
513 387 627 457 αὐτοῦ.
659 398 718 473 τῆς
734 389 798 475 χάρ
810 396 902 477 δίκης
910 431 934 478 ,ο
942 392 1058 480 ταύτης

116 493 200 574 λέγω
211 480 250 575 ἧς
261 486 350 557 εἷλον
361 486 481 570 αὐτόν,
500 493 649 572 γίγνεταί
655 511 711 572 μοι
722 486 886 574 διαιτητὴς
897 490 1057 574 Στράτων

117 586 303 673 Φαληρεὺς,
328 585 506 668 ἅνθρωπος
523 586 622 670 πένης
639 587 701 669 μέν
720 610 769 663 τις
789 588 845 654 καὶ
866 585 1058 674 ἀπράγμων,

116 683 222 777 ἀλλως
241 682 271 749 δ’
291 681 332 750 οὐ
349 681 510 768 πονηρός,
534 679 617 748 ἀλλά
637 685 691 749 καλ
702 683 792 749 πάνυ
801 684 956 768 χρηστός·
979 683 1058 771 ὅπερ

116 781 176 848 τόν
196 786 404 866 ταλαίπωρον
424 778 487 848 οὐκ
510 778 621 866 ὀρθῶς
641 777 719 846 οὐδὲ
737 783 885 863 δικαίως,
908 778 994 848 ἀλλά
1008 784 1059 850 καί

74 879 207 945 θλπάυυ
234 883 374 964 αἰσχρός
399 876 616 945 ἀπολώλεκεν.
661 869 758 955 οὗτος
786 881 921 945 διαιτων
942 876 1023 965 ἡμίν
1042 861 1081 948 δ’

118 974 286 1060 Στράτων,
293 977 405 1061 ἐπειδή
417 973 493 1044 ποθ’
505 970 586 1061 ἧκεν
596 972 616 1060 ἡ
627 981 737 1057 κυρία,
743 974 850 1042 πόντοι
861 972 891 1043 δ’
903 976 968 1064 ἤδη
979 982 1060 1058 διιξ-
1095 1000 1097 1005 ’

119 1072 274 1159 εληλόθει
284 1069 345 1140 τάκ
364 1080 432 1140 τῶν
440 1072 563 1157 νόμων
580 1069 828 1157 ὑπωμοσίαικαλ
837 1077 1059 1160 παραγραφαί,

117 1175 173 1239 καί
191 1169 290 1239 οὐδὲν
306 1163 392 1239 ἔτ’
369 1198 413 1258 ην
429 1168 633 1253 ὑπόλοιπον,
655 1195 692 1236 το
682 1167 765 1255 μὲν
775 1170 908 1290 πρῶτὸν
919 1175 1060 1258 ἐπισχεῖν

48 1266 58 1275 ’
119 1270 225 1338 ἐδεῖτό
232 1296 298 1357 μου
307 1268 368 1356 τὴν
379 1274 523 1354 δίαιταν,
540 1275 649 1337 ἒπειτα
662 1265 753 1363 είς
717 1294 779 1352 την
789 1267 968 1353 ὑστεραίαν
979 1268 1061 1338 ἀνα-

117 1372 293 1454 βαλέσθαι·
313 1365 603 1453 τδτελευταίονδ,
627 1364 671 1444 ὡς
688 1363 749 1432 οότ
753 1362 1061 1484 ’ἐχωσυνεχόρρυν

118 1464 198 1534 οὔθ’
219 1459 316 1544 οὗτος
333 1464 478 1552 ἀπήντα,
500 1462 636 1549 τῆςδ’
616 1462 841 1549 ω’ραςόχίχνετ
845 1459 943 1546 ’όυὲ,
965 1456 1061 1532 κάτε-

73 1573 108 1630 85
119 1564 280 1651 διῄτησεν.
312 1562 375 1647 ἤδη
393 1561 424 1629 δ’
444 1563 581 1644 ἑσπέρας
598 1559 699 1680 οὔσης
713 1563 769 1628 καί
787 1561 928 1658 σκότους
939 1567 1100 1648 ἔρχεταιςη

117 1666 258 1739 Μειδίας
280 1657 394 1728 οὑτοσί
416 1659 498 1743 πρὸς
518 1656 555 1726 τδ
576 1683 645 1725 των
661 1655 831 1744 ἀρχόντων
850 1669 988 1746 οἴκημα,
1009 1663 1062 1728 καὶ

117 1758 360 1845 καταλαμβάνει
374 1756 452 1835 τούς
468 1756 629 1841 ἀρχουτας
644 1757 788 1836 ἐξιόντας
802 1754 906 1825 καί
872 1782 934 1826 τον
949 1759 1061 1844 Στρό-

117 1884 206 1925 τωνα
218 1855 337 1924 ἀπιόυτ
339 1854 439 1942 ’ἤδη
457 1852 519 1940 την
530 1860 653 1940 ἔρημον
664 1852 888 1941 δεδωκότα,
866 1881 911 1932 ως
920 1853 985 1939 ἐγω
997 1881 1061 1923 των

117 1959 395 2040 παραγενομένων
404 1950 495 2036 τινδς
505 1951 752 2039 ἐπυνθανόμην.
774 1956 811 2020 τό
824 1953 884 2038 μὲν
895 1946 959 2020 οὖν
970 1963 1061 2039 προί-

64 2103 68 2112 .
117 2076 176 2119 τον
192 2048 262 2130 οἷός
276 2049 309 2120 τ’
319 2045 364 2138 ἦν
376 2058 506 2120 πείθειν
517 2049 620 2123 αὐτὸν
630 2048 673 2137 ἢν
688 2051 965 2140 κατεδεδιῃτήκει,
980 2051 1058 2119 τετό-

117 2173 178 2234 την
189 2146 490 2237 ἀποδεδιῃτημένην
500 2147 717 2235 ἀποφαίνειν,
739 2151 794 2217 καί
814 2147 1061 2235 τοδςάρχοντας

118 2249 358 2336 μεταγράφειν,
377 2251 432 2319 καλ
442 2248 646 2335 πεντήκοντα
657 2245 803 2333 δραχμάς
813 2243 924 2324 αὐτοῖς
935 2248 1058 2333 ἐδίδου·

76 2352 110 2407 86
120 2342 162 2424 ὡς
183 2344 212 2413 δῖ
235 2348 467 2435 ἐδυσχέραινον
488 2338 581 2414 οὗτοι
595 2344 633 2414 τδ
650 2353 784 2431 πρᾶγμα
799 2346 855 2413 καὶ
871 2345 1062 2429 οὐδετέρους

118 2449 267 2528 ἔπειθεν,
294 2445 473 2529 ἀπειλήσας
494 2445 549 2510 καὶ
571 2447 832 2530 διαλοιδορηθεὶς
851 2441 1012 2537 ἀπελθόν
1032 2447 1063 2508 τί

61 2619 66 2630 2
117 2557 218 2621 ποιεῖς
229 2542 283 2608 καὶ
294 2540 466 2608 θεάσασθε
476 2537 539 2625 την
549 2540 760 2625 κακοήθειαν.
786 2540 847 2627 τήν
859 2541 920 2627 μὲν
935 2545 1061 2608 δίαιταν

117 2635 300 2722 ἀντιλαχὼν
312 2635 374 2705 οόκ
386 2635 525 2723 ὤμοσεν,
538 2632 612 2704 ἀλλ’
625 2646 714 2705 είασε
724 2635 800 2707 καθ’
813 2640 933 2706 ἑαυτοῦ
943 2643 1061 2722 κυρίαν

117 2727 290 2821 γενέσθαι,
323 2736 378 2802 καλ
404 2733 575 2820 ἀνόμοιος
594 2731 780 2822 ἀπηνέχθη
801 2734 1006 2823 βουλόμενος
1027 2733 1061 2801 δ

117 2859 154 2902 το
144 2831 285 2919 μέλλον
293 2841 420 2917 λαθεῖν,
429 2831 625 2918 φυλαξας
588 2859 650 2924 την
662 2831 1062 2919 τελευταίαυημίραντων

118 2926 1063 3048 διαιτῶν,[τηντοῦθαρχηλιοδνοςητοῦσκιροφοριωνοςχι-

116 3035 303 3118 ννομένην],
312 3028 386 3108 είς
364 3054 433 3116 ηυο
421 3022 532 3115 μὲν
510 3037 595 3117 ηλθε
603 3055 669 3096 των
678 3022 887 3115 διαιτητων,ὁ
897 3022 971 3094 δ”
932 3050 996 3093 ουκ
1004 3018 1063 3110 ηλ

93 3150 100 3158 ·
116 3137 176 3213 θε,
193 3124 350 3206 πείσας
317 3153 377 3195 τον
387 3126 638 3213 πρυτανεύοντα
650 3121 814 3192 δουναι
777 3151 839 3211 την
849 3130 966 3208 ψῆφον
974 3117 1063 3207 παρά

74 3246 107 3302 εχ
116 3248 241 3303 παντως
251 3248 330 3303 τους
338 3248 472 3310 νομους,
479 3232 625 3309 κλητηρα
636 3218 731 3288 οὐδ’
714 3245 871 3294 οντινουν
880 3216 1065 3304 ἐπιγραψα

111 3349 223 3409 μενος,
234 3346 427 3408 κατηχορων
436 3327 569 3411 ἔρημον,
581 3318 717 3398 οόδενδς
728 3318 901 3405 παρόντος,
913 3317 1066 3405 ἐκβάλλει

115 3423 169 3490 καὶ
186 3418 296 3506 ἀτιμοῖ
303 3418 363 3489 τόν
376 3421 560 3507 διαιτητήν·
582 3422 637 3488 καί
654 3425 719 3487 νῦν
730 3415 776 3496 εἷς
794 3414 998 3502 Ἀθηναίων,
1015 3412 1066 3482 ότι
