2318 3894
156 256 219 322 4ου
349 256 470 316 xxx1x.
494 232 927 315 Δαιιοεοοαοοε
1092 228 1096 235 ’

160 444 230 507 ροις
240 419 371 486 ἐκείνου
382 419 548 504 βελτίοσιν
558 409 659 482 συδέν
672 409 774 480 καί
736 437 776 479 τα
793 418 908 479 τοιαῦτ
906 408 1126 508 ’ἐζηλωκότα

160 521 216 587 καί
227 515 341 585 δεινόν
352 521 463 584 δοκεῖν
478 512 563 581 εἶναι
579 510 804 599 βουλόμενον
833 514 888 577 καὶ
900 536 943 596 νη
932 510 1031 579 Δία
1042 522 1133 591 ι’σως,

119 628 154 683 14
162 611 301 684 ἐστιν
280 641 324 682 αν
334 607 580 699 οννπροιοντος
589 635 650 677 του
659 633 783 694 χρονου
793 634 863 676 των
873 634 989 677 αυτων
1000 637 1036 678 τι
1046 636 1127 679 ποι-

162 729 211 782 εῖν
221 713 350 790 τούτοις
364 714 508 795 ἐπιχειρῇ
519 707 646 786 (ἔστιδὲ
657 708 904 794 ταῦταγραφαὶ,
913 708 1051 795 φόσεις,
1065 711 1124 776 ἐυ-

141 815 284 896 ,δείξεις
292 807 536 893 ἀπαγωγαίε)
521 803 573 872 ε’ίτ
592 806 644 872 ἐπί
664 805 795 877 τούτων
814 807 879 872 τινί
901 803 1029 891 (πολλὰ
1054 807 1122 892 γάρ

161 913 229 976 ἐστι
245 905 480 990 τάνθρώπινα,
504 906 560 972 καὶ
580 901 660 981 τοὺς
677 903 769 970 πάνυ
791 895 962 980 δεινοὺς
944 903 1119 988 εαοίστοτε,

162 1006 244 1074 ὅταν
264 1003 498 1089 πλεονάζωσιν,
511 999 679 1071 ἐπίστασθ’
698 997 790 1087 ὑμεῖς
808 1006 968 1085 κοσμίους
989 1008 1118 1085 ποιεῖν)

162 1103 251 1192 ὄφλη
271 1112 319 1193 τῷ
343 1107 505 1192 δημοσίῳ,
529 1107 565 1168 τί
581 1108 708 1187 μᾶλλον
730 1090 827 1178 οὗτος
847 1101 1120 1185 ἐγγεγραμμένος

162 1209 251 1272 ἔσται
266 1205 364 1288 ἐμοῦς
386 1200 437 1268 ότι
451 1197 491 1286 νὴ
504 1208 570 1268 Δία
582 1209 726 1268 εἴσονται
740 1198 859 1276 πάντες
876 1196 1020 1285 πότερός
1036 1223 1119 1268 ποτε

121 1294 283 1386 ισοόφλεν.
306 1308 421 1380 καλός.
442 1295 486 1367 όν
497 1299 532 1367 δὲ
534 1297 683 1384 δτυχόν
691 1296 807 1383 γένοιτ’
819 1294 877 1384 ἂν,
891 1298 1014 1383 χρόνος
1025 1303 1118 1367 διέλ-

60 1437 64 1445 ·
160 1409 209 1487 θη
226 1401 281 1467 καὶ
298 1398 342 1486 μὴ
365 1396 552 1487 ἐκτισθῇ
518 1424 556 1466 το
575 1395 726 1484 ὄφλημα,
746 1402 782 1464 τί
788 1403 916 1483 μαλλον
938 1401 974 1465 oc
988 1398 1117 1466 τούτου

162 1502 276 1577 παῖδες
286 1504 417 1566 ἔσονται
431 1524 500 1565 των
502 1499 599 1588 ἐμων
610 1493 915 1583 ἐγγεγραμμενοι
895 1521 979 1564 οταν
989 1520 1115 1568 τουνο-

162 1621 207 1681 μα
225 1592 313 1662 καί
300 1622 317 1663 ο
335 1593 443 1683 πατὴρ
461 1594 550 1664 καὶ
532 1623 551 1682 η
571 1592 661 1681 φυλη
680 1597 734 1663 καί
745 1589 836 1663 πάντ’
849 1586 1003 1683 ηταύτοί;
1025 1601 1060 1662 τί
1066 1592 1113 1679 δ’,

164 1703 251 1772 είτις
263 1698 360 1779 δίκην
369 1692 557 1780 ἐξουλης’
515 1719 605 1784 αυτφ
592 1691 725 1779 λαγόν
739 1693 843 1780 μηδὲν
853 1696 924 1780 ἐμοί
934 1700 1016 1779 φαίη
1028 1691 1115 1778 πρός

163 1816 268 1857 αυτου
276 1789 381 1876 είναι,
382 1797 504 1874 κυρίαν
515 1792 551 1859 δὲ
562 1792 783 1886 ποιησαμενος
792 1792 1001 1878 ἐγγραφαι
982 1798 1111 1878 τίμᾶλ-
1119 1811 1157 1869 999

160 1884 254 1956 λον
232 1915 276 1956 αν
287 1898 336 1976 είη
346 1885 588 1976 τουτονηέμέ
573 1916 800 1977 εγγεγραφως
812 1889 887 1959 τίδ’
889 1896 1110 1976 ,εέτιναςείσ-

121 1998 153 2053 16
163 2013 270 2075 φορας
291 1985 335 2075 μὴ
352 1994 447 2075 θείης
478 1987 565 2075 τίδ’,
584 1998 616 2057 εί
630 2015 680 2068 τις
695 1987 778 2075 ἄλλη
797 1991 893 2071 περί
888 1985 1040 2073 τοῦνομα
1059 1995 1110 2072 γί-

162 2110 306 2174 γνοιτοη
295 2081 412 2173 ληξις
432 2083 563 2174 δίκης’“
540 2114 561 2173 η
580 2087 659 2168 δόξα
680 2087 766 2165 ὅλως
780 2085 913 2173 ἀηδης;’
923 2094 974 2166 τίς
993 2096 1135 2156 είσιται

56 2261 58 2264 ⁴
161 2192 231 2252 τῶν
242 2192 376 2252 πολλῶν
386 2185 525 2268 πότερός
536 2211 615 2254 ποτε
630 2178 727 2266 οὗτός
737 2189 814 2272 ἐστι,
829 2191 928 2253 δυοῖν
934 2187 1131 2254 Μαντιδέ-“

163 2309 216 2350 οιν
232 2279 355 2350 ταύτοῦ
378 2284 500 2371 πατρὸς
517 2283 646 2362 όντοιν;
668 2289 765 2371 φέρε,
788 2290 818 2353 εί
832 2284 868 2352 δέ
879 2288 979 2369 δίκην
987 2282 1108 2369 ἀστρα-

162 2387 249 2459 τείας
260 2381 396 2467 φεύγοι,
417 2382 551 2469 χορεύοι
562 2385 597 2452 δὲ
614 2382 696 2451 ὅταν
707 2383 947 2471 στρατεύεσθαι
959 2387 1034 2470 δίης
1055 2383 1108 2450 καὶ
1129 2446 1132 2455 .

161 2475 226 2563 γὰρ
238 2486 312 2564 νῦν,
328 2477 384 2546 ὅτε
406 2486 452 2558 είς
467 2480 623 2567 Ταμύνας
643 2491 821 2568 παρῆλθον
837 2486 871 2549 οί
879 2480 991 2568 όίλλοι,
1006 2481 1107 2550 ἐνδό-

163 2580 199 2642 δε
210 2574 288 2655 τούς
303 2577 381 2661 χόας
391 2577 484 2663 όίγων
494 2578 681 2668 ἀπελείφθη
693 2584 748 2649 καί
763 2595 832 2660 τοῖς
841 2587 1037 2659 Διονυσίοις
1047 2605 1107 2648 κα·

126 2698 132 2709 ·
162 2681 315 2758 ταμείνας
332 2677 506 2762 ἐχόρευεν,
521 2675 565 2757 ὡς
576 2677 719 2759 ἅπαντες
731 2682 852 2765 ἑωρᾶτε
862 2683 896 2747 οί
904 2681 1107 2767 ἐπιδημοῦν-
1139 2737 1143 2743 .

121 2782 222 2848 17τες.
246 2769 464 2841 ἀπελθόντων
475 2774 505 2841 δ’
518 2779 550 2854 ἐξ
561 2774 705 2863 Εὐβοίας
714 2785 783 2846 τῶν
793 2785 1005 2865 στρατιωτῶν
1015 2785 1109 2844 λιπσ-

161 2875 274 2951 ταξίου
285 2870 617 2961 προσεκλήθημόγό
629 2880 875 2962 ταξιαρχόντῆς
886 2884 996 2962 φυλῆς
1004 2874 1109 2961 ἠναγ-

162 2968 307 3056 καζόμην
324 2968 406 3038 κατὰ
424 2979 485 3038 τοῦ
502 2969 664 3059 ὀνόματος
690 2982 751 3041 τοῦ
776 2977 923 3061 ἐμαυτοῦ
937 2973 1109 3061 πατρόθεν

160 3071 315 3153 δέχεσθαι
325 3068 387 3156 τὴν
395 3074 501 3157 λῆξιν·
527 3075 581 3139 καὶ
597 3079 627 3140 εί
634 3071 756 3157 μισθός
766 3075 926 3158 ἐπορίσθη
937 3086 1008 3152 τοῖς
1016 3077 1109 3139 δικα-

161 3174 319 3254 στηρίοις,
335 3173 468 3254 είσῆγον
484 3165 528 3238 όν
545 3175 648 3255 δῆλον
658 3169 718 3239 ότι.
741 3179 844 3237 ταῦτα
861 3170 892 3238 δ’
905 3175 937 3238 εί
951 3169 996 3258 μὴ
1010 3190 1108 3254 σεση-

82 3270 91 3286 “
119 3286 151 3340 13
159 3265 337 3349 μασμένων
346 3263 408 3351 ἤδη
420 3272 543 3356 συνέβη
554 3276 622 3335 τῶν
633 3271 759 3355 ἐχίνων,
771 3265 837 3336 κόν
847 3268 1018 3354 μάρτυρας
1027 3265 1108 3352 ὑμῖν

159 3363 379 3450 παρεσχόμην.
403 3365 477 3433 είεν.
502 3372 532 3434 εί
546 3367 581 3434 δὲ
593 3373 700 3446 ξενίας
709 3374 952 3453 προσαληῦίης
972 3374 1107 3442 πολλοῖς

160 3463 195 3529 δέ
206 3464 427 3550 προσκρούει,
449 3466 503 3532 καί
524 3461 565 3534 όν
584 3463 782 3553 ἠναγκάσθη
804 3466 931 3550 τρόπον
954 3462 974 3534 6
996 3461 1105 3549 πατὴρ
