2318 3894
144 269 207 332 392
334 271 453 329 XXXIV.
493 264 909 365 AHMoztoENom

145 430 206 518 μὲν
222 432 259 498 έν
278 435 324 517 τῷ
335 427 498 517 Βοσπόρῳ
514 431 757 509 κατελέλειπτο,
780 423 798 493 ὁ
815 428 851 494 δὲ
862 424 994 512 Λάμπις
1010 424 1096 496 ἀναέ

111 551 112 555 ’
145 525 238 616 χθὲλς
248 527 454 612 ἐναυάγησεν
464 523 506 594 οό
516 524 648 610 μακρόν
658 522 796 593 ἀπὸτοῦ
806 528 979 610 ἐμπορίου·
1000 551 1098 613 γεγε-

145 625 375 716 μισμένηςγάρ
385 624 449 712 ἤδη
459 632 516 709 τῆς
526 620 624 707 νεός,
636 619 681 701 ὡς
691 619 873 707 ἀκούομεν,
895 630 1099 708 μάλλονταῦ

15 722 20 727 ’
146 726 294 808 δέοντος,
306 725 553 812 προσανέλαβεν
562 722 613 788 ἐπὶ
621 720 658 787 τό
670 722 889 807 κατάστρωμα
897 727 1001 808 χιλίας
1011 724 1098 810 βόρ-
1112 787 1114 791 .

58 898 76 921 ο,
146 845 224 906 σας,
246 819 329 889 ὅθεν
347 823 402 887 καὶ
418 817 439 908 ἡ
458 816 629 905 διαφθορὰ
645 826 687 907 τῇ
696 822 751 906 νηὶ
762 825 895 907 συνέβη.
928 819 1097 901 καλαότός

146 921 206 1007 μὲν
227 916 385 1003 ἀπεσώθη
408 923 444 985 έν
464 920 635 1006 τῳλέμβῳ
653 915 818 1003 μετὰτῶν
838 917 950 986 ἀλλων
967 924 1097 987 παίδων

146 1025 214 1085 τῶν
224 1022 370 1102 Δίωνος,
393 1013 543 1083 ἀπώλεσε
559 1015 595 1084 δέ
610 1019 711 1084 πλέον
722 1011 750 1101 αἲ
764 1015 943 1101 τριάκονέα
960 1017 1096 1103 στόματα

146 1111 453 1202 χωρὶςτολνάλλαυ.
487 1121 614 1181 πολλοῦ
624 1113 660 1182 δὲ
670 1115 817 1191 πένθους
828 1114 1098 1205 έντῳῖΒοσπόρῳ

148 1214 258 1297 ὄντος,
282 1210 324 1291 ὡς
336 1212 501 1280 ἐπύθοντο
511 1211 572 1298 τὴν
584 1209 844 1298 διαφθοράντῆς
859 1209 960 1298 νεός,
977 1210 1097 1298 ηάδαι-

147 1314 281 1398 μόνιζον
299 1309 358 1378 τόν
370 1313 548 1397 Φορμίωνα
565 1311 685 1390 πάντες
700 1309 869 1379 τουτονί
849 1337 899 1379 οτι
917 1338 995 1380 ουτε
1013 1331 1096 1380 συν-

147 1408 276 1532 ανήχβη
291 1406 351 1479 οότ
348 1405 502 1480 ’ἐνέθετο
518 1407 610 1488 εἰς
574 1436 635 1496 την
645 1416 732 1476 ναῦν
743 1406 850 1476 οὐδέν.
871 1411 1049 1531 συνέβαινε
1061 1413 1097 1479 δὲ
1122 1408 1126 1418 “

146 1509 235 1595 παρά
259 1535 294 1576 τε
310 1514 378 1577 τοόν
395 1507 505 1576 ἀλλων
521 1511 575 1576 καί
592 1505 680 1592 παρά
696 1509 818 1575 τούτου
834 1505 853 1576 ό
871 1505 971 1588 αὐτὸς
984 1506 1095 1594 λόγος.

146 1615 204 1677 καί
212 1634 268 1695 μοι
279 1604 453 1692 ἀνάγνωθι
464 1605 587 1709 ταύτας
594 1604 652 1686 τάς
661 1613 849 1693 μαρτυρίας.

419 1787 425 1796 .
491 1727 777 1805 αΑΡΤαΡῙΑα
863 1780 866 1786 -

105 1865 138 1919 ll
230 1844 339 1926 Αὐτός
349 1846 410 1933 μέν
420 1845 564 1918 τοίνυνδ
576 1848 721 1936 Λάμπις,
734 1843 763 1940 ᾦ
774 1871 877 1938 φησιν
887 1850 1097 1934 ἀποδεδωκέ-

146 1970 202 2013 ναι
211 1942 248 2013 τό
259 1952 397 2031 χρυσίον
407 1946 526 2039 (τούτῳ
538 1945 602 2033 γάρ
613 1951 786 2035 προσέχετε
798 1950 856 2018 τόν
867 1958 980 2035 νοόν)
991 1971 1099 2035 προσ-

148 2043 308 2141 ελδόντος
326 2041 416 2134 αὐτῷ
434 2048 535 2132 ἐμοῦ,
556 2045 665 2133 ἐπειδὴ
682 2047 815 2133 τάχιστα
826 2051 1050 2125 κατέπλευσεν
1061 2054 1097 2118 έιι

146 2150 203 2229 τῆς
219 2150 380 2230 ναυαγίας
389 2142 563 2266 Ἁβηναξ,
516 2153 546 2226 ζε
585 2146 640 2215 καλ
656 2150 843 2235 ἐρωτῶντος
859 2145 943 2231 ὑπὲρ
954 2149 1096 2233 τούτου,

72 2318 76 2327 Ι
147 2241 289 2329 έλεγεν’
268 2268 320 2310 οτι
329 2241 407 2311 οὔτε
417 2244 457 2313 τὰ
467 2244 615 2367 χρήματα
627 2251 759 2314 ἔνθοιτο
771 2243 860 2324 είς
826 2273 887 2332 την
898 2254 987 2314 ναῦν
998 2239 1097 2325 ουτος

116 2386 124 2397 ,
146 2341 229 2410 κατά
249 2341 311 2429 τὴν
332 2343 547 2431 συγγραφὴν,
569 2343 647 2413 οὔτε
669 2342 705 2412 τό
726 2352 864 2431 χρυσίον
885 2346 1031 2430 εἰληφώς
1048 2353 1097 2430 είη

147 2439 226 2526 παρ’
245 2440 351 2511 αὐτοῦ
366 2447 405 2511 έν
413 2445 576 2534 Βοσπόρῳ
587 2443 669 2513 τότε.
703 2451 762 2512 καί
775 2470 830 2530 μοι
845 2440 1023 2529 ἀνάγνωθι
1037 2441 1099 2576 την

146 2548 331 2626 μαρτυρίαν
340 2566 408 2610 των
421 2548 710 2630 παραγενομένων.
791 2550 792 2554 ’

405 2690 408 2694 ’
498 2678 737 2741 ΜΑΡτνΡεΑ
1107 2718 1151 2773 9,,

105 2808 137 2862 13
227 2781 354 2870 Ἐπειδὴ
372 2791 503 2872 τοίνυν,
528 2778 555 2853 τό
572 2784 692 2870 ἀνδρες
706 2784 891 2874 Ἀθηναῖοι,
914 2785 1098 2874 ἐπεδήμησε

148 2878 430 2976 Φορμίωνοότοσλ
441 2886 647 2970 σεσῳσμένος
658 2880 713 2970 ἐφ’
725 2885 836 2971 ἑτέρας
847 2883 946 2971 νεός,
967 2883 1099 2973 προσῄ-

147 3007 197 3050 ειν
208 2976 299 3070 αάτῷ
309 2978 457 3049 ἀπαιτεῖν
468 2979 504 3050 τό
518 2981 660 3050 δόνειον.
696 2985 751 3051 καὶ
760 2976 860 3063 οὗτος
870 2982 952 3052 κατά
963 2985 1026 3069 μὲν
1038 2981 1099 3068 ἀρ-

146 3078 204 3165 χάς
214 3074 434 3166 οὐδεπώποτ’
457 3071 619 3164 ἀάνδρες
628 3077 812 3170 Ἀθηναῖοι,
837 3081 906 3150 εἷπε
922 3079 983 3150 τόν
993 3082 1099 3168 λόγον

146 3184 266 3242 τοῦτον
282 3174 324 3243 δν
340 3181 417 3247 νυνὶ
434 3181 537 3267 λέγει,
559 3177 633 3248 ἀλλ’
651 3179 702 3250 ἀεὶ
719 3178 1096 3269 ωμολόγειάποδοόσειν·

146 3272 291 3342 έπελδΗ
270 3275 512 3345 ανεκοινοισατο
523 3293 590 3358 τοῖς
600 3304 665 3348 νυν
675 3286 839 3367 παρουσιν
849 3305 940 3346 αντα
926 3282 1005 3347 καί
1014 3300 1099 3347 συν-

107 3374 349 3457 13δικοῦσιν,“
330 3399 440 3460 ετερος
450 3368 547 3462 ηδη
524 3402 568 3464 ην
578 3375 682 3446 καὶ
644 3404 851 3464 ουχοαντος
886 3375 974 3456 ἀςδ
987 3374 1100 3465 ᾐσθό-

146 3494 213 3556 μην
229 3467 332 3540 αότδν
350 3473 613 3562 διακρουόμενόν
629 3502 686 3564 με,
710 3478 987 3565 προσέρχομαιτῳ
975 3474 1098 3561 Λάμ·
