2318 3894
377 244 517 306 ΠΡΟΣ
535 243 781 307 ΑΦΟΒΟΝ,
805 247 808 253 “
983 243 1047 309 345

99 428 156 481 τας
170 404 277 489 ἔγωγέ
284 427 370 487 φημι
384 401 464 478 τοῦς
480 401 607 478 οίκίτας
624 403 746 467 είδίναι
758 406 879 470 τοῦτον
892 411 1048 472 πωλοῦν-

98 527 149 593 τα,
157 501 212 567 καὶ
223 505 433 583 παραδοῦναι
442 523 498 565 και
487 497 644 565 τοτειιιδ
655 523 721 565 νυν
731 497 858 584 ηδελον
868 525 1049 590 αυτιοτον·
1075 576 1078 582 ,

99 624 166 665 τιον
176 597 292 665 ὅντινα
304 594 458 681 βοῦλοπο
464 592 584 682 λαβὼν
595 601 791 681 βασανίζειν.
807 602 838 664 τί
853 603 970 665 τοίνυν
979 597 1048 685 φη-

100 717 150 764 σει
163 721 220 781 με,
246 692 348 761 τδνσί
334 693 429 761 ίδότα
444 692 508 761 οῦκ
519 696 677 769 ἐθέλοντα
693 687 868 780 ἐνδοῦναι,
887 692 971 774 τοῦς
983 692 1048 763 οῦιι

100 793 228 870 εἰδότας
238 789 419 875 ἐκδιδόναι,
442 790 529 858 πολὺ
542 788 582 876 δὴ
599 798 725 876 μᾶλλον
737 789 827 880 αὐτῷ
844 800 1048 880 παραλαβεδν

101 889 282 976 φανησετοιι
293 894 477 972 προσηκον
492 894 524 956 εί
531 913 607 973 γαρ,
618 884 869 970 ουςιοςοίδοτας
879 893 1048 972 ἐξεδίδουν

100 985 182 1072 ἐγώ,
203 985 308 1071 μηδὲν
325 989 410 1069 ἔχειν
424 991 554 1070 ἔφασαν
569 986 698 1052 τοῦτον
713 985 833 1074 αῦτδν,
857 985 1052 1076 απήλλαιιτο

53 1098 89 1153 39
102 1079 313 1171 δήπουθεν”
290 1111 335 1150 αν
353 1091 412 1168 της
430 1089 543 1161 αἰτίας.
586 1080 660 1151 ἀλλ’
687 1081 760 1169 οῦχδ
776 1088 932 1155 τοιοῦτόν
946 1090 1046 1172 ἐστιν,
1073 1141 1077 1146 .

101 1180 184 1248 όλλδ
196 1189 311 1266 σαφοῦς
320 1208 364 1249 αν
378 1183 555 1267 ἐξηλέγχθη
567 1191 687 1270 πωλῶν
699 1181 803 1258 καὶ
767 1208 830 1270 την
841 1182 940 1270 τιμὴν
951 1209 1049 1252 κεκο-

101 1281 265 1365 μισμίνος
287 1279 402 1363 διόπερ
416 1278 495 1357 τοῦς
506 1276 778 1365 ὁμολογουμένως
790 1281 931 1360 δούλους
941 1306 1049 1369 παρα-
1055 1301 1108 1359 856

65 1427 68 1432 -
101 1376 164 1463 βὰς
179 1373 242 1443 τὸν
261 1375 442 1460 ίλεῦδερον
461 1374 556 1462 ἠξίου
572 1374 819 1497 βασανίζειν,
799 1406 841 1447 ον
861 1377 974 1446 οὐδ”
954 1401 1049 1448 οσιον

100 1474 329 1563 παραδοῦναι,
348 1473 386 1542 τό
397 1479 533 1560 πρᾶγμα
546 1472 609 1542 οῦκ
625 1473 721 1560 ἄγειν
732 1481 778 1555 είς
788 1480 922 1561 ἔλεγχον
933 1464 1050 1562 ζητῶν,

101 1570 185 1640 όλλδ
201 1599 245 1659 μη
236 1572 531 1693 παραλαμβάνων
540 1544 745 1690 βουλόμενός
761 1599 793 1640 τι
804 1578 917 1642 δοκείν
930 1578 1048 1660 λέγειν.

100 1673 174 1755 περὶ
194 1678 309 1738 τοίνυν
332 1672 469 1739 πάντων
489 1670 635 1754 τοῦτον,
661 1672 875 1758 πρῶτονμὲν
896 1674 971 1757 περὶ
991 1680 1050 1758 τῆς

101 1767 254 1854 προικὸς,
283 1767 350 1836 τίδ’
368 1761 499 1854 ὑπὲρ
470 1795 521 1838 ων
536 1778 761 1855 καθυφεῖκεν,
783 1767 849 1837 τίδ’
879 1765 962 1855 ὑπὲρ
981 1777 1049 1839 τῶν
1128 1842 1133 1853 ,

102 1865 230 1946 ἄλλων,
253 1862 481 1948 ἀναγνώσεται
493 1867 573 1945 τούς
588 1892 624 1935 τε
636 1867 762 1971 νόμους
779 1869 835 1938 και
850 1864 908 1950 τὰς
922 1895 1050 1957 μαρτνκ

102 1968 190 2047 ρίας,
203 1959 249 2028 ἵν’
262 1986 278 2028 ι
279 1965 379 2067 ίδηπε.

351 2127 516 2189 ΝΟΜΟΙ.
542 2125 801 2190 ΜΑΡΤῬΡΙᾹΙ.

52 2278 95 2337 ,40
188 2244 239 2313 Οῦ
250 2252 368 2313 τοίνυν
382 2244 489 2331 μόνον
506 2249 542 2314 ἐκ
558 2245 688 2330 τοῦτον
708 2241 752 2315 δν
766 2251 895 2331 γνοίητε
913 2245 964 2315 ὅτι
980 2237 1057 2317 δειέ

103 2340 165 2410 νόν
174 2340 249 2410 οὐδ’
266 2338 381 2412 ὁτιοῦν
390 2345 540 2412 πέπονθε
551 2341 612 2411 τόν
621 2341 882 2427 ῦνδρνπονοῦιι
895 2345 1049 2426 ἐκδόντος

102 2442 184 2525 ἐμοῦ
200 2445 404 2526 βασανίζειν,
427 2438 512 2510 ἀλλὰ
532 2442 589 2509 καλ
611 2437 648 2511 τῦ
663 2447 798 2526 πρᾶγμα
818 2437 899 2511 αῦτό
923 2447 954 2509 εί
972 2444 1050 2511 σαί·
1113 2486 1115 2491 ·

102 2546 233 2617 ηαισθε.
269 2544 388 2623 δυ’μεν
403 2534 469 2622 γ’δρ
491 2535 583 2624 δη
548 2564 610 2608 τον
624 2538 765 2609 Μιλύαν
783 2540 835 2607 ἐπὶ
849 2547 912 2606 τοῦ
928 2547 1051 2626 τροχοῦ

101 2640 362 2723 στρεβλοῦσθαι,
374 2637 429 2704 καὶ
437 2662 469 2705 τι
464 2631 647 2722 ’μάλιστ’
625 2663 668 2710 αν
682 2633 786 2705 αῦτδν
798 2633 926 2724 εῦξαιτο
941 2641 1051 2724 λίγειν

100 2741 286 2820 σκοποῦμεν.
319 2732 381 2820 οῦη
401 2733 455 2803 δτι
470 2742 539 2803 τῶν
557 2733 733 2821 χρημάτων
752 2731 863 2856 οὐδ’
848 2744 963 2804 οτιοῦν
980 2735 1049 2807 οίδε

101 2854 222 2898 τουτον
233 2838 363 2915 ἔχοντα
384 2831 494 2953 καδδη
504 2836 601 2919 λέγει.
637 2831 691 2901 διὰ
706 2827 798 2907 τοῦτ’
811 2829 868 2919 ἄρ’
890 2830 953 2903 οῦκ
967 2840 1049 2920 ἔχεις

103 2932 229 2993 πολλοῦ
240 2951 277 3010 γε
289 2933 352 2995 δεῖ·
366 2931 445 3010 τοῦς
455 2928 520 3017 γὰρ
532 2932 659 3011 είδότας
669 2959 723 3001 και
712 2932 888 3010 διδόντας
897 2933 952 3000 καὶ
963 2956 1050 3016 παρ-Ι

102 3019 200 3100 όντας
218 3022 389 3108 μάρτυρας
406 3030 618 3147 παρεσχόμην
636 3028 710 3113 ἐγώ.
744 3028 921 3115 τεκμήριον
938 3028 975 3099 δὲ
995 3030 1051 3097 καί

102 3126 210 3198 πίστις
222 3122 312 3188 ἐστὶν
325 3120 489 3204 ουπείτίς
498 3153 530 3193 τι
548 3153 592 3212 μη
582 3123 682 3194 οἶδε
692 3148 814 3195 τουτον
827 3130 942 3210 ἔχοντα
953 3133 1052 3206 (πολ-
1106 3156 1109 3163 ·

54 3237 86 3289 41
96 3215 202 3285 λοδ
162 3243 227 3304 γαρ
238 3243 282 3285 αν
293 3216 412 3304 εἶιν),’
393 3217 460 3289 αλλ’
473 3230 506 3291 εί
511 3249 560 3303 τις
571 3221 669 3293 οἶδεν.
684 3225 1051 3311 καταμαρτυρησάντων

100 3323 216 3386 τοίνυν
233 3337 296 3383 σου
311 3318 481 3391 τοσοῦτον
496 3323 677 3410 μαρτύρων
691 3328 757 3391 τίνι
772 3331 841 3391 τοῖν
857 3328 1050 3410 ψευδομαρ-

99 3414 428 3502 τυριδνίπεσκηψυς
449 3421 581 3499 δεῖξον.
598 3419 673 3491 αλλ’
693 3419 756 3491 οῦκ
772 3417 817 3491 δν
834 3428 919 3539 ἔχοις
936 3426 1046 3502 δείξαι.
1117 3446 1121 3455 ·
