2318 3894
205 276 209 283 ·
304 257 445 320 αΡοΣ
469 243 767 321 AEHTJNH'N:
966 208 1061 320 σε’

55 393 164 488 καίτοι
181 419 237 485 καὶ
252 414 332 500 παρ’
346 420 482 496 έκείυοις
492 421 577 498 τινές
588 422 672 521 εἰσιν
682 428 762 497 ἴσως
773 416 903 504 ἀγαθοί.
937 419 1008 504 έμολ
1052 425 1057 434 ’
1118 431 1122 437 ”

55 616 151 699 λόγοι
170 615 403 698 παροξυντικοὶ
424 614 486 698 μὲν
506 612 590 681 εἶναι
612 611 696 700 πρὸς
717 612 754 681 τδ
777 610 835 692 τάς
863 612 1008 691 ἀτελείας
1057 597 1065 612 ’

33 704 143 799 ’ὑμᾶς
160 709 344 798 ἀφελέσθαι
360 724 484 795 πείσαι,
508 708 550 778 οά
568 714 679 797 μέντοι
690 716 813 779 δίκαιοί
820 708 854 797 γ’
867 708 1007 797 οὐδαμῆ.

55 809 97 879 οὐ
115 808 181 896 γάρ
199 806 310 895 ἀγυοω
328 807 439 894 τοῦθ’,
461 807 512 876 ὅτι
524 817 662 896 Θηβαῖοι
679 811 734 877 καὶ
751 809 1008 896 Λακεδαιμόνιοι

54 912 110 977 καλ
124 905 219 994 ἡμεῖς
234 932 312 975 ουτε
327 906 442 1028 νόμοις
459 905 519 973 οάτ
526 905 644 974 ’ἔθεσι
652 908 810 994 χρώμεθα
820 922 886 987 τοῖς
896 905 1008 986 αὐτοῖς

10 1027 48 1081 106
56 1032 134 1075 ουτε
152 1012 307 1094 πολιτεία.
341 1003 421 1072 αὐτὰ
432 1004 501 1092 γάρ
516 1013 615 1072 τοῦτο
633 1003 826 1090 meumst*
806 1012 901 1074 ονῦν
912 997 1007 1073 οὗτοι

56 1105 274 1190 ποιήσουσιν,
301 1102 361 1170 έάυ
381 1110 485 1170 ταῦτα
504 1107 663 1189 λέγωσιν,
692 1102 755 1171 οὐκ
777 1109 878 1184 ἔξεστι
899 1117 1007 1171 ποιεῖν

57 1198 147 1286 παρά
156 1214 226 1279 τοῖς
238 1200 569 1287 Λακεδαιμονίοις,
533 1227 574 1269 τα
588 1208 657 1268 τῶν
665 1199 807 1287 Ἀθηυαί
805 1227 851 1269 ων
792 1203 1009 1270 ίέπαινεῖν

57 1296 277 1385 υόμιμαοάδὲ
293 1299 334 1366 τὰ
350 1307 418 1366 τῶν
429 1304 564 1386 δείνων,
590 1306 718 1367 πολλοῦ
728 1325 766 1386 γε
777 1302 831 1366 καὶ
843 1303 907 1385 δεῖ,
930 1294 1006 1366 ἀλλ’
1094 1357 1097 1364 .

58 1395 136 1484 ἀτῇ
151 1394 231 1483 παρ’
252 1400 386 1477 ἐκείνοις
395 1402 543 1484 πολιτεία
554 1398 733 1484 συμφέρει,
755 1393 849 1463 ταῦτ’
861 1397 1008 1463 ἐπαινεῖν
1037 1473 1043 1481 ,

58 1493 258 1579 ἀνάγκηκαὶ
275 1508 390 1562 ποιεῖν.
422 1494 490 1564 εἶτα
512 1496 567 1562 καί
583 1493 840 1581 Λακεδαιμόνιοι
859 1500 927 1561 τῶν
948 1492 1009 1579 μὲν

58 1592 224 1661 τοιούτων
234 1589 431 1679 ἀφεστᾶσιν,
454 1591 551 1662 ἀλλαι
562 1597 601 1661 δέ
608 1619 694 1672 τινες
705 1590 784 1677 παρ’
799 1596 935 1672 έκείνοις
946 1593 1008 1661 εἰσὶ
1081 1625 1085 1635 ·

57 1692 156 1776 τιμαί,
168 1686 208 1767 ἀς
218 1686 387 1769 ἀπεύξαιτ’
400 1685 443 1758 ἀν
454 1689 539 1771 ἅπας
549 1689 567 1760 ὁ
579 1696 681 1778 δῆμος
691 1693 828 1759 ἐνταυθὶ
838 1695 1004 1777 γενέσθαι.

10 1805 49 1861 Ιῖλ
57 1796 145 1867 τίνες
165 1781 231 1855 οὖν
252 1793 336 1855 εἰσιν
356 1780 468 1870 αὖται;
488 1787 547 1869 τάς
566 1790 628 1875 μὲν
648 1786 730 1857 καθ’
747 1790 886 1857 ἕκαστον
906 1788 1005 1874 ε’ἀσω,

57 1891 136 1972 μίαν
148 1883 193 1971 δ’,
204 1881 227 1971 ἢ
238 1892 450 1974 συλλαβοῦσα
461 1885 519 1965 τὰς
529 1887 630 1966 ἀλλας
640 1893 719 1974 ἔχει,
732 1891 839 1973 δίειμι.
872 1885 1007 1954 έπετδάν

57 2011 105 2062 τις
124 1989 171 2062 είς
186 1982 249 2069 τὴν
264 1986 473 2070 καλουμένην
488 1994 667 2071 γερουσίαν
676 1990 816 2075 ἐγκριθῇ
828 1983 1007 2073 παρασχών

58 2077 246 2150 αὑτδνοῖον
257 2082 330 2169 χρὴ,
352 2083 509 2170 δεσπότης
520 2086 587 2159 ἐστὶ
603 2091 671 2161 τῶν
687 2092 831 2152 πολλῶν.
864 2088 933 2163 ἐκεῖ
944 2085 1007 2169 μὲν

58 2183 120 2267 γάρ
140 2184 211 2249 έσττ
227 2189 284 2267 τῆς
300 2178 417 2267 ἀρετῆς
433 2175 541 2250 ἀθλον
553 2189 610 2268 τῆς
622 2188 785 2258 πολιτείας
796 2187 900 2267 κυρίῳ
911 2183 1007 2266 γενέ-

60 2290 140 2348 σθαι
151 2276 236 2365 μετά
246 2286 314 2345 τῶν
324 2275 458 2364 ὁμοίων,
470 2277 559 2363 παρὰ
566 2276 601 2344 δ’
613 2276 691 2362 ἡμῖν
712 2277 833 2367 ταύτης
844 2278 904 2360 μὲν
916 2275 933 2343 ὁ
947 2281 1008 2361 δῆ-

59 2401 118 2464 μος
134 2376 269 2462 κύριος,
291 2379 346 2446 καί
362 2375 440 2463 ἀραὶ
451 2377 505 2443 καὶ
516 2375 612 2463 νόμοι
622 2376 677 2443 καί
688 2378 833 2461 φυλακαί
844 2372 934 2453 ὅπως
943 2398 1009 2461 μηὁ

60 2478 124 2557 δεῖς
136 2474 237 2554 ἀλλος
247 2473 559 2562 κύριοςγενησεται,
580 2475 738 2560 στέφανοι
754 2475 795 2560 δὲ
801 2474 856 2540 καὶ
866 2470 1008 2542 ἀτέλειαι

59 2575 111 2641 καί
122 2573 268 2659 σιτήσεις
281 2576 336 2641 καὶ
345 2574 481 2641 τοιαῦτά
492 2575 596 2657 έστιν,
608 2566 657 2641 ἀν
667 2571 710 2647 ἀν
719 2598 768 2652 τις
778 2568 864 2659 ἀνὴρ
879 2570 1007 2658 ἀγαθός

10 2688 52 2743 108
60 2667 222 2759 ἀντάχοι.
255 2676 311 2741 καλ
326 2671 421 2740 ταῦτ’
438 2671 609 2759 ἀμφότερα
626 2669 738 2756 ὀρθοῖς
749 2676 829 2757 ἔχει,
852 2673 907 2739 καὶ
916 2669 1012 2739 τάκεῖ

60 2772 113 2839 καί
129 2769 171 2843 τά
190 2768 269 2856 παρ’
288 2768 375 2857 ἡμῖν.
408 2768 463 2838 διὰ
473 2777 507 2838 τί
511 2797 520 2851 3
542 2767 729 2854 ἀτιτάςμὲν
741 2765 1008 2853 διάτεὸνόλίγων

60 2873 226 2947 πολιτείας
241 2866 278 2934 τὰ
291 2868 416 2951 πάντας
427 2871 513 2953 ἔχειν
522 2876 596 2936 ίσον
606 2864 760 2952 ἀλλήλοις
769 2866 848 2945 τούς
857 2875 925 2934 τῶν
936 2893 1008 2938 κοι-

60 2971 131 3032 νῶν
146 2971 286 3051 κυρίους
302 2962 458 3061 ὁμονοεῖν
473 2980 574 3053 ποιεῖ,
595 2991 658 3051 την
666 2965 702 3034 δὲ
712 2991 781 3033 των
791 2965 906 3054 δημων
915 2969 1009 3035 έλευ-
1019 2984 1072 3040 490

60 3059 217 3147 θερίαν
199 3090 221 3150 η
243 3071 312 3131 τῶν
333 3062 473 3149 ἀγαθῶν
493 3063 626 3150 ἀνδρων
646 3063 826 3163 ἀμιλλα,“
804 3093 847 3153 ην
868 3067 920 3134 ἐπὶ
941 3081 1010 3146 ταῖς

10 3175 51 3232 1⁰9
60 3159 150 3248 παρά
160 3184 224 3232 του
209 3162 342 3247 ’δήμου
354 3166 490 3249 δωρεαῖς
499 3160 584 3250 πρὸς
595 3156 732 3243 έαυτοδς
742 3173 929 3252 ποιοῦνται,
942 3190 1011 3251 φυ-

60 3258 180 3332 λάττει.
210 3256 317 3326 καὶ
276 3286 343 3345 μην
353 3258 431 3347 περὶ
437 3286 498 3328 του
508 3286 546 3346 γε
556 3261 638 3348 μηδ
648 3267 814 3349 Θηβαίους
825 3266 950 3351 μηδένα
960 3288 1011 3330 τι-

59 3363 143 3445 μᾶν,
166 3350 303 3423 έκεῖν’”
281 3382 324 3423 αν
335 3361 419 3442 ἔχειν
430 3364 533 3433 εἰπεῖν
553 3359 732 3446 ἀληθὲςί
698 3387 797 3453 ομαι.
835 3353 1010 3448 μεῖζον,εά

61 3455 190 3549 ανδρες
191 3452 377 3540 Αθηναῖοι,
391 3463 529 3546 Θηβαῖοι
539 3465 727 3544 φρονουσιν
737 3457 788 3525 ἐπ
803 3455 944 3543 αμότητι
955 3457 1010 3524 καὶ

102 3539 243 3604 Βεοιοιιὴ.
263 3547 329 3606 Vol.
340 3550 376 3605 ΙΙ.
747 3607 750 3614 ,
787 3553 805 3607 3
